<?xml version="1.0" encoding="UTF-8"?>
<!DOCTYPE html PUBLIC "-//W3C//DTD XHTML 1.0 Transitional//EN"
    "http://www.w3.org/TR/xhtml1/DTD/xhtml1-transitional.dtd">
<html xmlns="http://www.w3.org/1999/xhtml" xml:lang="en" lang="en">
 <head>
  <title>
</title>
<meta http-equiv="Content-Type" content="text/html;charset=utf-8" />
  <meta name='ocr-system' content='tesseract 3.04.00' />
  <meta name='ocr-capabilities' content='ocr_page ocr_carea ocr_par ocr_line ocrx_word'/>
</head>
<body>
  <div class='ocr_page' id='page_1' title='image "./operaomnia00ovidgoog_0396.png"; bbox 0 0 1898 2970; ppageno 0'>
   <div class='ocr_carea' id='block_1_1' title="bbox 338 181 802 232">
    <p class='ocr_par' dir='ltr' id='par_1_1' title="bbox 338 181 802 232">
     <span class='ocr_line' id='line_1_1' title="bbox 338 181 802 232; baseline 0.011 -5"><span class='ocrx_word' id='word_1_1' title='bbox 338 183 524 230; x_wconf 69' lang='lat'><strong>131⁸.</strong></span> <span class='ocrx_word' id='word_1_2' title='bbox 753 181 802 232; x_wconf 78' lang='lat'><strong>383</strong></span> 
     </span>
    </p>
   </div>
   <div class='ocr_carea' id='block_1_2' title="bbox 49 277 868 2772">
    <p class='ocr_par' dir='ltr' id='par_1_2' title="bbox 49 277 868 2772">
     <span class='ocr_line' id='line_1_2' title="bbox 56 277 725 356; baseline 0.009 -18"><span class='ocrx_word' id='word_1_3' title='bbox 56 292 140 356; x_wconf 77' lang='lat' dir='ltr'><strong>utque</strong></span> <span class='ocrx_word' id='word_1_4' title='bbox 150 281 204 347; x_wconf 89' lang='lat' dir='ltr'><strong>ille,</strong></span> <span class='ocrx_word' id='word_1_5' title='bbox 225 281 342 338; x_wconf 81' lang='lat' dir='ltr'><strong>historiis</strong></span> <span class='ocrx_word' id='word_1_6' title='bbox 352 283 488 341; x_wconf 86' lang='lat' dir='ltr'><strong>involvam</strong></span> <span class='ocrx_word' id='word_1_7' title='bbox 498 284 616 340; x_wconf 85' lang='lat' dir='ltr'><strong>earmina</strong></span> <span class='ocrx_word' id='word_1_8' title='bbox 627 277 725 345; x_wconf 78' lang='lat' dir='ltr'><strong>caeeis:</strong></span> 
     </span>
     <span class='ocr_line' id='line_1_3' title="bbox 94 357 714 435; baseline 0.008 -22"><span class='ocrx_word' id='word_1_9' title='bbox 94 376 148 414; x_wconf 91' lang='lat' dir='ltr'><strong>non</strong></span> <span class='ocrx_word' id='word_1_10' title='bbox 158 357 393 431; x_wconf 85' lang='lat' dir='ltr'><strong>soleam&#39;quamvis</strong></span> <span class='ocrx_word' id='word_1_11' title='bbox 402 359 452 416; x_wconf 87' lang='lat' dir='ltr'><strong>hoo</strong></span> <span class='ocrx_word' id='word_1_12' title='bbox 460 378 547 435; x_wconf 82' lang='lat' dir='ltr'><strong>genus</strong></span> <span class='ocrx_word' id='word_1_13' title='bbox 559 361 617 432; x_wconf 89' lang='lat' dir='ltr'><strong>ipse</strong></span> <span class='ocrx_word' id='word_1_14' title='bbox 626 363 714 435; x_wconf 82' lang='lat' dir='ltr'><strong>sequi.</strong></span> 
     </span>
     <span class='ocr_line' id='line_1_4' title="bbox 56 434 624 508; baseline 0.004 -20"><span class='ocrx_word' id='word_1_15' title='bbox 56 434 132 489; x_wconf 90' lang='lat' dir='ltr'><strong>Illius</strong></span> <span class='ocrx_word' id='word_1_16' title='bbox 143 435 269 508; x_wconf 78' lang='lat' dir='ltr'><strong>ambages</strong></span> <span class='ocrx_word' id='word_1_17' title='bbox 277 434 398 490; x_wconf 82' lang='lat' dir='ltr'><strong>imitatus</strong></span> <span class='ocrx_word' id='word_1_18' title='bbox 408 435 436 491; x_wconf 91' lang='lat' dir='ltr'><strong>in</strong></span> <span class='ocrx_word' id='word_1_19' title='bbox 447 436 529 502; x_wconf 91' lang='lat' dir='ltr'><strong>lbide,</strong></span> <span class='ocrx_word' id='word_1_20' title='bbox 551 436 624 491; x_wconf 81' lang='lat' dir='ltr'><strong>dicar</strong></span> 
     </span>
     <span class='ocr_line' id='line_1_5' title="bbox 94 508 859 584; baseline 0.003 -18"><span class='ocrx_word' id='word_1_21' title='bbox 94 508 194 566; x_wconf 86' lang='lat' dir='ltr'><strong>oblitus</strong></span> <span class='ocrx_word' id='word_1_22' title='bbox 204 509 287 568; x_wconf 86' lang='lat' dir='ltr'><strong>moris</strong></span> <span class='ocrx_word' id='word_1_23' title='bbox 296 510 444 584; x_wconf 79' lang='lat' dir='ltr'><strong>iudiciique</strong></span> <span class='ocrx_word' id='word_1_24' title='bbox 454 513 521 567; x_wconf 92' lang='lat' dir='ltr'><strong>mei:</strong></span> <span class='ocrx_word' id='word_1_25' title='bbox 834 527 859 569; x_wconf 77' lang='lat' dir='ltr'><strong>oo</strong></span> 
     </span>
     <span class='ocr_line' id='line_1_6' title="bbox 55 585 774 661; baseline 0.006 -20"><span class='ocrx_word' id='word_1_26' title='bbox 55 594 80 641; x_wconf 83' lang='lat' dir='ltr'><strong>et</strong></span> <span class='ocrx_word' id='word_1_27' title='bbox 89 586 230 659; x_wconf 84' lang='lat' dir='ltr'><strong>quoniam,</strong></span> <span class='ocrx_word' id='word_1_28' title='bbox 250 585 358 659; x_wconf 74' lang='lat' dir='ltr'><strong>quinis,</strong></span> <span class='ocrx_word' id='word_1_29' title='bbox 380 587 500 643; x_wconf 91' lang='lat' dir='ltr'><strong>nondum</strong></span> <span class='ocrx_word' id='word_1_30' title='bbox 512 588 704 661; x_wconf 79' lang='lat' dir='ltr'><strong>quaerentibus</strong></span> <span class='ocrx_word' id='word_1_31' title='bbox 712 587 774 657; x_wconf 73' lang='lat' dir='ltr'><strong>edo,</strong></span> 
     </span>
     <span class='ocr_line' id='line_1_7' title="bbox 94 661 647 735; baseline 0.005 -19"><span class='ocrx_word' id='word_1_32' title='bbox 94 661 178 717; x_wconf 88' lang='lat' dir='ltr'>Ibidis</span> <span class='ocrx_word' id='word_1_33' title='bbox 188 662 288 717; x_wconf 84' lang='lat' dir='ltr'><strong>interea</strong></span> <span class='ocrx_word' id='word_1_34' title='bbox 297 669 327 717; x_wconf 80' lang='lat' dir='ltr'><strong>lu</strong></span> <span class='ocrx_word' id='word_1_35' title='bbox 337 679 446 735; x_wconf 89' lang='lat' dir='ltr'><strong>quoque</strong></span> <span class='ocrx_word' id='word_1_36' title='bbox 455 680 554 719; x_wconf 91' lang='lat' dir='ltr'><strong>nomen</strong></span> <span class='ocrx_word' id='word_1_37' title='bbox 563 663 647 719; x_wconf 86' lang='lat' dir='ltr'><strong>habe:</strong></span> 
     </span>
     <span class='ocr_line' id='line_1_8' title="bbox 56 737 738 811; baseline 0.001 -18"><span class='ocrx_word' id='word_1_38' title='bbox 56 746 140 810; x_wconf 87' lang='lat' dir='ltr'><strong>utque</strong></span> <span class='ocrx_word' id='word_1_39' title='bbox 150 737 203 792; x_wconf 89' lang='lat' dir='ltr'><strong>mei</strong></span> <span class='ocrx_word' id='word_1_40' title='bbox 214 755 308 793; x_wconf 82' lang='lat' dir='ltr'><strong>versus</strong></span> <span class='ocrx_word' id='word_1_41' title='bbox 317 737 486 811; x_wconf 81' lang='lat' dir='ltr'><strong>aliquantum</strong></span> <span class='ocrx_word' id='word_1_42' title='bbox 498 739 582 796; x_wconf 83' lang='lat' dir='ltr'><strong>noetis</strong></span> <span class='ocrx_word' id='word_1_43' title='bbox 591 739 738 805; x_wconf 86' lang='lat' dir='ltr'><strong>habebunt,</strong></span> 
     </span>
     <span class='ocr_line' id='line_1_9' title="bbox 94 813 560 870; baseline 0.004 -2"><span class='ocrx_word' id='word_1_44' title='bbox 94 813 134 870; x_wconf 87' lang='lat' dir='ltr'><strong>sic</strong></span> <span class='ocrx_word' id='word_1_45' title='bbox 143 813 213 869; x_wconf 83' lang='lat' dir='ltr'><strong>vitae</strong></span> <span class='ocrx_word' id='word_1_46' title='bbox 221 813 303 869; x_wconf 84' lang='lat' dir='ltr'><strong>series</strong></span> <span class='ocrx_word' id='word_1_47' title='bbox 314 821 365 869; x_wconf 77' lang='lat' dir='ltr'><strong>tota</strong></span> <span class='ocrx_word' id='word_1_48' title='bbox 375 814 411 869; x_wconf 80' lang='lat' dir='ltr'><strong>sit</strong></span> <span class='ocrx_word' id='word_1_49' title='bbox 420 823 474 870; x_wconf 84' lang='lat' dir='ltr'><strong>atra</strong></span> <span class='ocrx_word' id='word_1_50' title='bbox 489 823 560 870; x_wconf 82' lang='lat' dir='ltr'><strong>tuae.</strong></span> 
     </span>
     <span class='ocr_line' id='line_1_10' title="bbox 55 887 860 962; baseline 0 -16"><span class='ocrx_word' id='word_1_51' title='bbox 55 890 126 946; x_wconf 82' lang='lat' dir='ltr'><strong>llaec</strong></span> <span class='ocrx_word' id='word_1_52' title='bbox 135 888 184 945; x_wconf 87' lang='lat' dir='ltr'><strong>tibi</strong></span> <span class='ocrx_word' id='word_1_53' title='bbox 194 888 276 945; x_wconf 74' lang='lat' dir='ltr'><strong>natali</strong></span> <span class='ocrx_word' id='word_1_54' title='bbox 285 887 346 945; x_wconf 84' lang='lat' dir='ltr'><strong>laxo</strong></span> <span class='ocrx_word' id='word_1_55' title='bbox 356 890 466 962; x_wconf 80' lang='lat' dir='ltr'><strong>lenique</strong></span> <span class='ocrx_word' id='word_1_56' title='bbox 475 890 603 946; x_wconf 78' lang='lat' dir='ltr'><strong>Kalendis</strong></span> <span class='ocrx_word' id='word_1_57' title='bbox 834 904 860 948; x_wconf 72' lang='lat'><strong>55</strong></span> 
     </span>
     <span class='ocr_line' id='line_1_11' title="bbox 94 965 570 1041; baseline 0.004 -21"><span class='ocrx_word' id='word_1_58' title='bbox 94 983 149 1021; x_wconf 92' lang='lat' dir='ltr'><strong>non</strong></span> <span class='ocrx_word' id='word_1_59' title='bbox 159 965 302 1022; x_wconf 84' lang='lat' dir='ltr'><strong>mentituro</strong></span> <span class='ocrx_word' id='word_1_60' title='bbox 311 965 425 1038; x_wconf 85' lang='lat' dir='ltr'><strong>quilibet</strong></span> <span class='ocrx_word' id='word_1_61' title='bbox 434 984 478 1021; x_wconf 83' lang='lat' dir='ltr'><strong>ore</strong></span> <span class='ocrx_word' id='word_1_62' title='bbox 491 965 570 1041; x_wconf 82' lang='lat' dir='ltr'><strong>legat.</strong></span> 
     </span>
     <span class='ocr_line' id='line_1_12' title="bbox 56 1041 721 1115; baseline 0 -19"><span class='ocrx_word' id='word_1_63' title='bbox 56 1043 88 1096; x_wconf 83' lang='lat' dir='ltr'><strong>Di</strong></span> <span class='ocrx_word' id='word_1_64' title='bbox 99 1041 182 1097; x_wconf 85' lang='lat' dir='ltr'><strong>meris</strong></span> <span class='ocrx_word' id='word_1_65' title='bbox 191 1049 217 1096; x_wconf 82' lang='lat' dir='ltr'><strong>et</strong></span> <span class='ocrx_word' id='word_1_66' title='bbox 228 1049 320 1107; x_wconf 83' lang='lat' dir='ltr'><strong>terrae,</strong></span> <span class='ocrx_word' id='word_1_67' title='bbox 341 1041 446 1115; x_wconf 92' lang='lat' dir='ltr'><strong>quique</strong></span> <span class='ocrx_word' id='word_1_68' title='bbox 455 1042 498 1097; x_wconf 89' lang='lat' dir='ltr'><strong>his</strong></span> <span class='ocrx_word' id='word_1_69' title='bbox 509 1041 618 1097; x_wconf 84' lang='lat' dir='ltr'><strong>meliora</strong></span> <span class='ocrx_word' id='word_1_70' title='bbox 627 1043 721 1097; x_wconf 82' lang='lat' dir='ltr'><strong>tenetis</strong></span> 
     </span>
     <span class='ocr_line' id='line_1_13' title="bbox 95 1115 627 1192; baseline 0 -20"><span class='ocrx_word' id='word_1_71' title='bbox 95 1117 163 1173; x_wconf 84' lang='lat' dir='ltr'><strong>inter</strong></span> <span class='ocrx_word' id='word_1_72' title='bbox 171 1115 291 1173; x_wconf 81' lang='lat' dir='ltr'><strong>diversos</strong></span> <span class='ocrx_word' id='word_1_73' title='bbox 300 1134 363 1172; x_wconf 87' lang='lat' dir='ltr'><strong>eum</strong></span> <span class='ocrx_word' id='word_1_74' title='bbox 374 1118 434 1173; x_wconf 90' lang='lat' dir='ltr'><strong>love</strong></span> <span class='ocrx_word' id='word_1_75' title='bbox 446 1135 528 1192; x_wconf 82' lang='lat' dir='ltr'><strong>regna</strong></span> <span class='ocrx_word' id='word_1_76' title='bbox 536 1116 627 1190; x_wconf 89' lang='lat' dir='ltr'><strong>polos;</strong></span> 
     </span>
     <span class='ocr_line' id='line_1_14' title="bbox 58 1192 775 1267; baseline 0.001 -20"><span class='ocrx_word' id='word_1_77' title='bbox 58 1192 111 1249; x_wconf 87' lang='lat' dir='ltr'><strong>hue</strong></span> <span class='ocrx_word' id='word_1_78' title='bbox 121 1209 227 1267; x_wconf 86' lang='lat' dir='ltr'><strong>preoor,</strong></span> <span class='ocrx_word' id='word_1_79' title='bbox 248 1192 302 1248; x_wconf 89' lang='lat' dir='ltr'><strong>huo</strong></span> <span class='ocrx_word' id='word_1_80' title='bbox 312 1200 412 1247; x_wconf 83' lang='lat' dir='ltr'><strong>vestras</strong></span> <span class='ocrx_word' id='word_1_81' title='bbox 422 1210 516 1249; x_wconf 88' lang='lat' dir='ltr'><strong>omnes</strong></span> <span class='ocrx_word' id='word_1_82' title='bbox 527 1193 653 1248; x_wconf 84' lang='lat' dir='ltr'><strong>advertite</strong></span> <span class='ocrx_word' id='word_1_83' title='bbox 664 1200 775 1259; x_wconf 80' lang='lat' dir='ltr'><strong>mentes,</strong></span> 
     </span>
     <span class='ocr_line' id='line_1_15' title="bbox 94 1268 860 1341; baseline 0 -18"><span class='ocrx_word' id='word_1_84' title='bbox 94 1268 208 1324; x_wconf 81' lang='lat' dir='ltr'><strong>eteinite</strong></span> <span class='ocrx_word' id='word_1_85' title='bbox 218 1268 314 1341; x_wconf 84' lang='lat' dir='ltr'><strong>optatis</strong></span> <span class='ocrx_word' id='word_1_86' title='bbox 325 1268 431 1340; x_wconf 89' lang='lat' dir='ltr'><strong>pondus</strong></span> <span class='ocrx_word' id='word_1_87' title='bbox 440 1269 528 1324; x_wconf 88' lang='lat' dir='ltr'><strong>inesse</strong></span> <span class='ocrx_word' id='word_1_88' title='bbox 539 1269 620 1323; x_wconf 90' lang='lat' dir='ltr'><strong>meis:</strong></span> <span class='ocrx_word' id='word_1_89' title='bbox 834 1282 860 1323; x_wconf 69' lang='lat'><strong>70</strong></span> 
     </span>
     <span class='ocr_line' id='line_1_16' title="bbox 58 1340 777 1418; baseline 0.003 -20"><span class='ocrx_word' id='word_1_90' title='bbox 58 1340 223 1418; x_wconf 87' lang='lat' dir='ltr'><strong>ipsaquetu,</strong></span> <span class='ocrx_word' id='word_1_91' title='bbox 246 1342 337 1410; x_wconf 76' lang='lat' dir='ltr'><strong>telluS,</strong></span> <span class='ocrx_word' id='word_1_92' title='bbox 359 1344 451 1416; x_wconf 89' lang='lat' dir='ltr'><strong>ipsum</strong></span> <span class='ocrx_word' id='word_1_93' title='bbox 460 1362 523 1399; x_wconf 86' lang='lat' dir='ltr'><strong>eum</strong></span> <span class='ocrx_word' id='word_1_94' title='bbox 534 1342 659 1416; x_wconf 79' lang='lat' dir='ltr'><strong>fluctibus</strong></span> <span class='ocrx_word' id='word_1_95' title='bbox 669 1361 777 1417; x_wconf 85' lang='lat' dir='ltr'><strong>aequor,</strong></span> 
     </span>
     <span class='ocr_line' id='line_1_17' title="bbox 95 1419 765 1492; baseline 0 -18"><span class='ocrx_word' id='word_1_96' title='bbox 95 1421 153 1492; x_wconf 86' lang='lat' dir='ltr'><strong>ipse</strong></span> <span class='ocrx_word' id='word_1_97' title='bbox 161 1436 248 1484; x_wconf 88' lang='lat' dir='ltr'><strong>meas,</strong></span> <span class='ocrx_word' id='word_1_98' title='bbox 270 1419 372 1486; x_wconf 81' lang='lat' dir='ltr'>aether,</span> <span class='ocrx_word' id='word_1_99' title='bbox 394 1421 496 1492; x_wconf 81' lang='lat' dir='ltr'><strong>accipe,</strong></span> <span class='ocrx_word' id='word_1_100' title='bbox 517 1437 639 1486; x_wconf 83' lang='lat' dir='ltr'><strong>summe,</strong></span> <span class='ocrx_word' id='word_1_101' title='bbox 659 1437 765 1492; x_wconf 83' lang='lat' dir='ltr'><strong>praees:</strong></span> 
     </span>
     <span class='ocr_line' id='line_1_18' title="bbox 58 1495 717 1569; baseline -0.002 -19"><span class='ocrx_word' id='word_1_102' title='bbox 58 1495 213 1568; x_wconf 81' lang='lat' dir='ltr'><strong>sideraque,</strong></span> <span class='ocrx_word' id='word_1_103' title='bbox 234 1502 260 1550; x_wconf 84' lang='lat' dir='ltr'><strong>et</strong></span> <span class='ocrx_word' id='word_1_104' title='bbox 267 1495 350 1550; x_wconf 83' lang='lat' dir='ltr'><strong>radiis</strong></span> <span class='ocrx_word' id='word_1_105' title='bbox 359 1495 522 1552; x_wconf 81' lang='lat' dir='ltr'><strong>circumdata</strong></span> <span class='ocrx_word' id='word_1_106' title='bbox 534 1495 603 1552; x_wconf 85' lang='lat' dir='ltr'><strong>Solis</strong></span> <span class='ocrx_word' id='word_1_107' title='bbox 613 1495 717 1569; x_wconf 83' lang='lat' dir='ltr'><strong>imago;</strong></span> 
     </span>
     <span class='ocr_line' id='line_1_19' title="bbox 95 1571 804 1646; baseline -0.003 -21"><span class='ocrx_word' id='word_1_108' title='bbox 95 1572 236 1644; x_wconf 84' lang='lat' dir='ltr'><strong>Lunaque,</strong></span> <span class='ocrx_word' id='word_1_109' title='bbox 242 1588 312 1644; x_wconf 87' lang='lat' dir='ltr'><strong>quae</strong></span> <span class='ocrx_word' id='word_1_110' title='bbox 322 1574 472 1644; x_wconf 83' lang='lat' dir='ltr'><strong>nunquam,</strong></span> <span class='ocrx_word' id='word_1_111' title='bbox 480 1591 535 1646; x_wconf 89' lang='lat' dir='ltr'><strong>quo</strong></span> <span class='ocrx_word' id='word_1_112' title='bbox 545 1573 631 1644; x_wconf 84' lang='lat' dir='ltr'><strong>prins,</strong></span> <span class='ocrx_word' id='word_1_113' title='bbox 639 1571 702 1625; x_wconf 88' lang='lat' dir='ltr'><strong>orbe</strong></span> <span class='ocrx_word' id='word_1_114' title='bbox 712 1572 804 1633; x_wconf 73' lang='lat' dir='ltr'><strong>micas,</strong></span> 
     </span>
     <span class='ocr_line' id='line_1_20' title="bbox 58 1645 860 1720; baseline -0.004 -18"><span class='ocrx_word' id='word_1_115' title='bbox 58 1648 186 1720; x_wconf 80' lang='lat' dir='ltr'><strong>Noxque,</strong></span> <span class='ocrx_word' id='word_1_116' title='bbox 206 1647 375 1702; x_wconf 82' lang='lat' dir='ltr'><strong>tenebrarum</strong></span> <span class='ocrx_word' id='word_1_117' title='bbox 385 1649 472 1719; x_wconf 89' lang='lat' dir='ltr'><strong>speeie</strong></span> <span class='ocrx_word' id='word_1_118' title='bbox 482 1645 625 1703; x_wconf 85' lang='lat' dir='ltr'><strong>reverenda</strong></span> <span class='ocrx_word' id='word_1_119' title='bbox 635 1654 757 1715; x_wconf 78' lang='lat' dir='ltr'><strong>tuarum,</strong></span> <span class='ocrx_word' id='word_1_120' title='bbox 835 1658 860 1699; x_wconf 76' lang='lat'><strong>75</strong></span> 
     </span>
     <span class='ocr_line' id='line_1_21' title="bbox 95 1721 699 1796; baseline -0.008 -18"><span class='ocrx_word' id='word_1_121' title='bbox 95 1739 219 1796; x_wconf 88' lang='lat' dir='ltr'><strong>quaeque</strong></span> <span class='ocrx_word' id='word_1_122' title='bbox 228 1730 316 1778; x_wconf 84' lang='lat' dir='ltr'><strong>ratum</strong></span> <span class='ocrx_word' id='word_1_123' title='bbox 327 1722 424 1794; x_wconf 80' lang='lat' dir='ltr'><strong>triplici</strong></span> <span class='ocrx_word' id='word_1_124' title='bbox 433 1722 529 1794; x_wconf 85' lang='lat' dir='ltr'><strong>pollice</strong></span> <span class='ocrx_word' id='word_1_125' title='bbox 539 1721 607 1775; x_wconf 84' lang='lat' dir='ltr'><strong>netis</strong></span> <span class='ocrx_word' id='word_1_126' title='bbox 616 1737 699 1791; x_wconf 84' lang='lat' dir='ltr'><strong>opus3</strong></span> 
     </span>
     <span class='ocr_line' id='line_1_22' title="bbox 57 1793 727 1871; baseline -0.004 -17"><span class='ocrx_word' id='word_1_127' title='bbox 57 1798 162 1871; x_wconf 85' lang='lat' dir='ltr'><strong>quiquo</strong></span> <span class='ocrx_word' id='word_1_128' title='bbox 170 1815 218 1870; x_wconf 86' lang='lat' dir='ltr'><strong>per</strong></span> <span class='ocrx_word' id='word_1_129' title='bbox 226 1797 344 1853; x_wconf 80' lang='lat' dir='ltr'><strong>infernas</strong></span> <span class='ocrx_word' id='word_1_130' title='bbox 355 1797 485 1853; x_wconf 87' lang='lat' dir='ltr'><strong>horrendo</strong></span> <span class='ocrx_word' id='word_1_131' title='bbox 495 1812 634 1851; x_wconf 86' lang='lat' dir='ltr'><strong>murmure</strong></span> <span class='ocrx_word' id='word_1_132' title='bbox 644 1793 727 1851; x_wconf 87' lang='lat' dir='ltr'><strong>valles</strong></span> 
     </span>
     <span class='ocr_line' id='line_1_23' title="bbox 95 1871 646 1946; baseline -0.005 -18"><span class='ocrx_word' id='word_1_133' title='bbox 95 1873 282 1946; x_wconf 80' lang='lat' dir='ltr'><strong>imperiuratae</strong></span> <span class='ocrx_word' id='word_1_134' title='bbox 292 1873 402 1939; x_wconf 85' lang='lat' dir='ltr'><strong>laberis,</strong></span> <span class='ocrx_word' id='word_1_135' title='bbox 423 1871 525 1938; x_wconf 87' lang='lat' dir='ltr'><strong>amnis,</strong></span> <span class='ocrx_word' id='word_1_136' title='bbox 547 1888 646 1945; x_wconf 74' lang='lat' dir='ltr'><strong>aquae,</strong></span> 
     </span>
     <span class='ocr_line' id='line_1_24' title="bbox 57 1944 744 2023; baseline -0.012 -17"><span class='ocrx_word' id='word_1_137' title='bbox 57 1966 182 2023; x_wconf 82' lang='lat' dir='ltr'><strong>quasque</strong></span> <span class='ocrx_word' id='word_1_138' title='bbox 192 1947 280 2005; x_wconf 83' lang='lat' dir='ltr'><strong>lerunt</strong></span> <span class='ocrx_word' id='word_1_139' title='bbox 290 1957 356 2005; x_wconf 73' lang='lat' dir='ltr'><strong>torto</strong></span> <span class='ocrx_word' id='word_1_140' title='bbox 365 1948 466 2004; x_wconf 81' lang='lat' dir='ltr'><strong>vittatis</strong></span> <span class='ocrx_word' id='word_1_141' title='bbox 476 1965 564 2022; x_wconf 79' lang='lat' dir='ltr'><strong>angue</strong></span> <span class='ocrx_word' id='word_1_142' title='bbox 573 1944 678 2019; x_wconf 82' lang='lat' dir='ltr'><strong>capillis</strong></span> <span class='ocrx_word' id='word_1_143' title='bbox 741 1980 744 1986; x_wconf 66' lang='grc'><strong>«</strong></span> 
     </span>
     <span class='ocr_line' id='line_1_25' title="bbox 95 2023 861 2090; baseline -0.005 -10"><span class='ocrx_word' id='word_1_144' title='bbox 95 2025 208 2081; x_wconf 79' lang='lat' dir='ltr'><strong>carceris</strong></span> <span class='ocrx_word' id='word_1_145' title='bbox 218 2026 345 2081; x_wconf 80' lang='lat' dir='ltr'><strong>obscuras</strong></span> <span class='ocrx_word' id='word_1_146' title='bbox 359 2033 419 2080; x_wconf 82' lang='lat' dir='ltr'><strong>ante</strong></span> <span class='ocrx_word' id='word_1_147' title='bbox 429 2024 518 2079; x_wconf 87' lang='lat' dir='ltr'><strong>sedere</strong></span> <span class='ocrx_word' id='word_1_148' title='bbox 529 2023 612 2090; x_wconf 71' lang='lat' dir='ltr'><strong>lones,</strong></span> <span class='ocrx_word' id='word_1_149' title='bbox 836 2034 861 2076; x_wconf 83' lang='lat'><strong>80</strong></span> 
     </span>
     <span class='ocr_line' id='line_1_26' title="bbox 59 2097 809 2183; baseline -0.009 -25"><span class='ocrx_word' id='word_1_150' title='bbox 59 2117 239 2183; x_wconf 83' lang='lat' dir='ltr'><strong>vosquoque,</strong></span> <span class='ocrx_word' id='word_1_151' title='bbox 260 2100 336 2174; x_wconf 84' lang='lat' dir='ltr'><strong>plebe</strong></span> <span class='ocrx_word' id='word_1_152' title='bbox 346 2099 489 2174; x_wconf 85' lang='lat' dir='ltr'><strong>Superum,</strong></span> <span class='ocrx_word' id='word_1_153' title='bbox 510 2101 596 2155; x_wconf 86' lang='lat' dir='ltr'><strong>Fauni</strong></span> <span class='ocrx_word' id='word_1_154' title='bbox 607 2097 749 2173; x_wconf 80' lang='lat' dir='ltr'><strong>Satyrique</strong></span> <span class='ocrx_word' id='word_1_155' title='bbox 757 2097 809 2155; x_wconf 91' lang='lat' dir='ltr'><strong>La-</strong></span> 
     </span>
     <span class='ocr_line' id='line_1_27' title="bbox 592 2191 697 2238; baseline -0.01 -9"><span class='ocrx_word' id='word_1_156' title='bbox 592 2191 633 2230; x_wconf 82' lang='lat' dir='ltr'><strong>res</strong></span> <span class='ocrx_word' id='word_1_157' title='bbox 655 2191 697 2238; x_wconf 88' lang='lat' dir='ltr'><strong>ue,</strong></span> 
     </span>
     <span class='ocr_line' id='line_1_28' title="bbox 95 2191 868 2327; baseline -0.009 -18"><span class='ocrx_word' id='word_1_158' title='bbox 95 2251 277 2326; x_wconf 86' lang='lat' dir='ltr'><strong>Fluminaque</strong></span> <span class='ocrx_word' id='word_1_159' title='bbox 285 2260 310 2307; x_wconf 85' lang='lat' dir='ltr'><strong>et</strong></span> <span class='ocrx_word' id='word_1_160' title='bbox 319 2251 469 2327; x_wconf 82' lang='lat' dir='ltr'><strong>Nymphae,</strong></span> <span class='ocrx_word' id='word_1_161' title='bbox 488 2191 696 2322; x_wconf 52' lang='lat' dir='ltr'><strong>semideumthue</strong></span> <span class='ocrx_word' id='word_1_162' title='bbox 705 2265 806 2322; x_wconf 76' lang='lat' dir='ltr'><strong>genus3</strong></span> <span class='ocrx_word' id='word_1_163' title='bbox 865 2242 868 2250; x_wconf 83' lang='lat'>&#39;</span> 
     </span>
     <span class='ocr_line' id='line_1_29' title="bbox 56 2325 705 2402; baseline -0.009 -16"><span class='ocrx_word' id='word_1_164' title='bbox 56 2329 176 2402; x_wconf 89' lang='lat' dir='ltr'><strong>denique</strong></span> <span class='ocrx_word' id='word_1_165' title='bbox 184 2329 218 2384; x_wconf 86' lang='lat' dir='ltr'><strong>eb</strong></span> <span class='ocrx_word' id='word_1_166' title='bbox 228 2330 338 2402; x_wconf 80' lang='lat' dir='ltr'><strong>antiquo</strong></span> <span class='ocrx_word' id='word_1_167' title='bbox 347 2327 404 2382; x_wconf 90' lang='lat' dir='ltr'><strong>divi</strong></span> <span class='ocrx_word' id='word_1_168' title='bbox 415 2334 569 2400; x_wconf 83' lang='lat' dir='ltr'><strong>veteresque</strong></span> <span class='ocrx_word' id='word_1_169' title='bbox 579 2325 705 2398; x_wconf 86' lang='lat' dir='ltr'><strong>novique,</strong></span> 
     </span>
     <span class='ocr_line' id='line_1_30' title="bbox 96 2401 688 2476; baseline -0.007 -15"><span class='ocrx_word' id='word_1_170' title='bbox 96 2404 125 2461; x_wconf 92' lang='lat' dir='ltr'><strong>in</strong></span> <span class='ocrx_word' id='word_1_171' title='bbox 136 2413 258 2461; x_wconf 83' lang='lat' dir='ltr'><strong>nostrum</strong></span> <span class='ocrx_word' id='word_1_172' title='bbox 267 2404 357 2460; x_wconf 84' lang='lat' dir='ltr'><strong>cuncti</strong></span> <span class='ocrx_word' id='word_1_173' title='bbox 367 2411 474 2476; x_wconf 86' lang='lat' dir='ltr'><strong>tempus</strong></span> <span class='ocrx_word' id='word_1_174' title='bbox 486 2403 584 2468; x_wconf 82' lang='lat' dir='ltr'><strong>adeste,</strong></span> <span class='ocrx_word' id='word_1_175' title='bbox 605 2401 688 2457; x_wconf 82' lang='lat' dir='ltr'><strong>Chao.</strong></span> 
     </span>
     <span class='ocr_line' id='line_1_31' title="bbox 55 2479 866 2552; baseline -0.014 -14"><span class='ocrx_word' id='word_1_176' title='bbox 55 2481 184 2539; x_wconf 86' lang='lat' dir='ltr'><strong>Carmina</strong></span> <span class='ocrx_word' id='word_1_177' title='bbox 193 2481 260 2536; x_wconf 90' lang='lat' dir='ltr'><strong>dum</strong></span> <span class='ocrx_word' id='word_1_178' title='bbox 270 2480 350 2552; x_wconf 89' lang='lat' dir='ltr'><strong>capiti</strong></span> <span class='ocrx_word' id='word_1_179' title='bbox 360 2479 483 2535; x_wconf 84' lang='lat' dir='ltr'><strong>malefido</strong></span> <span class='ocrx_word' id='word_1_180' title='bbox 493 2479 550 2534; x_wconf 83' lang='lat' dir='ltr'><strong>dire</strong></span> <span class='ocrx_word' id='word_1_181' title='bbox 559 2485 702 2544; x_wconf 80' lang='lat' dir='ltr'><strong>canuntur,</strong></span> <span class='ocrx_word' id='word_1_182' title='bbox 838 2489 866 2527; x_wconf 67' lang='lat' dir='ltr'><strong>aa</strong></span> 
     </span>
     <span class='ocr_line' id='line_1_32' title="bbox 95 2554 638 2630; baseline -0.006 -17"><span class='ocrx_word' id='word_1_183' title='bbox 95 2564 122 2613; x_wconf 81' lang='lat' dir='ltr'><strong>et</strong></span> <span class='ocrx_word' id='word_1_184' title='bbox 129 2564 262 2630; x_wconf 79' lang='lat' dir='ltr'><strong>peragunt</strong></span> <span class='ocrx_word' id='word_1_185' title='bbox 267 2565 357 2628; x_wconf 83' lang='lat' dir='ltr'><strong>partes</strong></span> <span class='ocrx_word' id='word_1_186' title='bbox 365 2555 404 2611; x_wconf 84' lang='lat' dir='ltr'><strong>ira</strong></span> <span class='ocrx_word' id='word_1_187' title='bbox 415 2554 546 2630; x_wconf 87' lang='lat' dir='ltr'><strong>dolorque</strong></span> <span class='ocrx_word' id='word_1_188' title='bbox 555 2571 638 2613; x_wconf 77' lang='lat' dir='ltr'><strong>suas.</strong></span> 
     </span>
     <span class='ocr_line' id='line_1_33' title="bbox 49 2632 677 2705; baseline 0.006 -18"><span class='ocrx_word' id='word_1_189' title='bbox 49 2632 163 2687; x_wconf 81' lang='lat' dir='ltr'><strong>annm&#39;te</strong></span> <span class='ocrx_word' id='word_1_190' title='bbox 170 2632 268 2700; x_wconf 80' lang='lat' dir='ltr'><strong>optatis</strong></span> <span class='ocrx_word' id='word_1_191' title='bbox 276 2648 372 2688; x_wconf 76' lang='lat' dir='ltr'><strong>omnes</strong></span> <span class='ocrx_word' id='word_1_192' title='bbox 381 2650 416 2690; x_wconf 87' lang='lat' dir='ltr'><strong>ex</strong></span> <span class='ocrx_word' id='word_1_193' title='bbox 425 2633 525 2692; x_wconf 90' lang='lat' dir='ltr'><strong>ordine</strong></span> <span class='ocrx_word' id='word_1_194' title='bbox 535 2633 659 2705; x_wconf 80' lang='lat' dir='ltr'><strong>nostrie,</strong></span> <span class='ocrx_word' id='word_1_195' title='bbox 674 2646 677 2651; x_wconf 87' lang='grc'><strong>’</strong></span> 
     </span>
     <span class='ocr_line' id='line_1_34' title="bbox 75 2703 587 2772; baseline 0.018 -11"><span class='ocrx_word' id='word_1_196' title='bbox 75 2703 218 2772; x_wconf 72' lang='lat' dir='ltr'><strong>etsitpam</strong></span> <span class='ocrx_word' id='word_1_197' title='bbox 229 2705 284 2762; x_wconf 78' lang='lat' dir='ltr'><strong>voti</strong></span> <span class='ocrx_word' id='word_1_198' title='bbox 292 2706 372 2767; x_wconf 87' lang='lat' dir='ltr'><strong>nulla</strong></span> <span class='ocrx_word' id='word_1_199' title='bbox 383 2711 496 2772; x_wconf 83' lang='lat' dir='ltr'><strong>caduca</strong></span> <span class='ocrx_word' id='word_1_200' title='bbox 508 2714 587 2772; x_wconf 86' lang='lat' dir='ltr'><strong>mei:</strong></span> 
     </span>
    </p>
   </div>
   <div class='ocr_carea' id='block_1_3' title="bbox 0 0 958 2970">
    <p class='ocr_par' dir='ltr' id='par_1_3' title="bbox 0 0 958 2970">
     <span class='ocr_line' id='line_1_35' title="bbox 0 0 958 2970; baseline 0 0"><span class='ocrx_word' id='word_1_201' title='bbox 0 0 958 2970; x_wconf 95' lang='lat' dir='ltr'><strong> </strong></span> 
     </span>
    </p>
   </div>
  </div>
 </body>
</html>
