1898 2970
166 187 213 239 {86
353 191 380 236 Ρ.
402 190 532 237 ovum
549 190 719 237 uasoms

201 299 231 347 ut
240 289 320 346 fuerit
330 302 419 348 nostro
428 292 512 349 leuior
522 292 560 346 ira
570 299 655 347 metu.

164 368 222 423 Vita
233 365 292 421 data
302 375 351 432 est,
371 368 490 439 citraque
498 384 589 422 necem
599 375 645 423 tua
657 366 778 424 eonstitit
790 366 841 434 ira.

200 461 216 498 o
229 443 364 515 Prinoeps,
386 460 463 515 paros
473 443 579 499 viribus
588 458 638 499 uso
650 443 717 499 tuis.

164 520 277 590 Insuper
285 518 426 584 aooedunt,
448 518 695 583 tenonaalimente,
715 524 854 591 paternae.

110 605 149 648 rao
202 602 331 665 tanquam
341 594 395 648 vita
405 610 501 666 parum
512 594 632 649 muueris
642 601 727 659 esset,
748 610 831 667 opes:

166 688 213 726 uae
224 686 282 724 mea
292 669 394 725 decreto
403 669 536 725 damnasti
548 669 614 725 iacta
623 668 754 725 Senatus:

203 762 251 800 nec
261 762 319 800 mea
328 743 423 799 selecto
433 744 522 800 iudice
531 746 605 800 iussa
615 743 680 831 fuga
688 752 740 800 est.

165 821 299 875 Tristibus
310 820 430 876 invectus
439 821 540 885 verbis,
560 820 606 893 (ita
616 820 742 892 Principe
750 818 888 894 dignum.)

204 895 315 952 ultusos
329 894 452 962 offensas,
473 904 504 951 ut
512 896 596 961 deest,
617 896 676 969 ipse
684 903 757 951 tuas.

111 972 253 1037 arandela,
274 971 346 1043 quod
359 971 486 1038 edictum,
506 971 633 1045 quamvis
642 970 748 1027 immite
758 970 913 1045 minaxque,

202 1056 317 1101 attamen
328 1046 355 1101 in
366 1065 466 1118 poenae
476 1048 584 1103 nomine
594 1046 653 1102 lene
661 1045 726 1103 fuit.

165 1121 270 1193 Quippe
280 1121 421 1195 relegatus,
442 1141 497 1180 noa
506 1121 597 1187 exsul,
617 1120 804 1178 dioorinillo:

203 1212 335 1268 parcaque
345 1194 465 1253 fortunae
474 1206 539 1253 sunt
548 1197 585 1253 ibi
597 1198 678 1253 verba
686 1214 773 1253 meae.

166 1269 246 1327 Nulla
256 1270 366 1342 quidem
378 1289 444 1329 sano
452 1273 559 1347 gravior
569 1273 722 1345 mentisque
731 1272 836 1345 potenti

112 1356 151 1401 tto
204 1362 289 1417 poena
299 1354 348 1413 est,
369 1366 452 1420 quam
462 1355 534 1404 taum
543 1348 716 1419 displicuisse
724 1348 795 1403 viro.

166 1421 217 1477 Sed
227 1420 293 1477 solet
303 1421 438 1479 interdurn
447 1424 504 1479 fieri
515 1423 646 1496 placabile
658 1440 776 1479 numen:

205 1498 277 1553 nube
286 1496 353 1554 solet
360 1498 440 1570 pulsa
449 1500 580 1555 candidus
591 1500 629 1555 ire
638 1499 706 1554 dies.

166 1573 227 1629 Vidi
237 1591 286 1648 ego
298 1574 447 1645 pampineis
458 1584 592 1631 oneratam
602 1575 705 1631 vitibus
715 1573 836 1640 ulmum,

205 1667 275 1722 quaa
284 1648 369 1706 fuerat
378 1668 458 1707 saevo
467 1650 581 1708 fulmine
590 1659 658 1706 taeta
669 1650 751 1706 Iovis.

114 1734 152 1780 tta
168 1728 228 1798 lpse
239 1724 299 1782 licet
308 1744 413 1799 sperare
423 1734 505 1792 vetes,
526 1726 712 1798 sperabimus;
733 1734 816 1799 atque

206 1801 434 1869 hoounumfieri‚
455 1802 654 1875 teprohibente‚
675 1809 773 1873 potest.

169 1877 235 1946 Spes
245 1879 311 1932 mihi
324 1897 420 1952 magna
431 1879 513 1944 subit,
524 1895 611 1950 quum
621 1885 656 1943 te,
663 1876 913 1933 mitissimeCaesar

205 1967 267 2020 spes
277 1953 354 2018 mihi,
375 1954 487 2024 respicio
496 1971 582 2026 quum
592 1970 649 2008 mea
661 1950 723 2017 fata,
743 1952 827 2007 cadit.

170 2023 207 2079 Aa
221 2023 303 2078 veluti
314 2028 401 2080 ventis
411 2030 576 2101 agitantibus
585 2045 700 2101 aequora
711 2046 767 2083 non
777 2034 819 2083 est

116 2111 154 2152 rao
207 2098 326 2171 aequalis
336 2102 421 2157 rabies
431 2105 630 2177 continuusque
639 2102 722 2168 furor,

169 2176 215 2229 sod
227 2176 306 2231 modo
316 2177 462 2233 subsidunt
471 2179 671 2252 intermissique
680 2177 822 2243 silescunt,

207 2253 317 2322 vimque
326 2261 405 2324 putes
415 2252 475 2310 illos
484 2255 640 2327 deposuisse
649 2271 742 2322 suam;

171 2325 209 2377 sic
220 2327 318 2381 abeunt
329 2329 493 2400 redeuntque
503 2330 555 2385 mei
565 2331 722 2402 variantque
732 2329 859 2385 timores:

209 2408 233 2454 ot
243 2419 318 2472 spem
329 2403 451 2475 placandi
461 2404 606 2477 dantquen
641 2405 802 2476 antquetui.

120 2488 156 2529 tau
171 2477 220 2530 Per
231 2476 346 2548 Superos
357 2479 448 2553 igitur,
469 2481 518 2552 qui
528 2482 593 2537 dant
605 2482 624 2535 ti
644 2479 742 2554 ilonga
752 2480 913 2555 dabuntque

211 2558 342 2624 tempora,
363 2556 515 2611 Romanum
524 2556 548 2610 si
562 2557 641 2612 modo
651 2573 749 2611 nomen
758 2564 869 2625 amaran

157 2629 351 2707 perPatrr'am,
374 2638 878 2709 quaeutataetseeuraparenusua

189 2711 275 2773 euius
285 2719 315 2774 et
326 2712 357 2773 ia
366 2710 480 2793 populo
490 2726 558 2788 pars
568 2722 622 2782 ego
629 2717 720 2774 nuper
728 2714 827 2763 arama
