1898 2970
271 110 482 156 FASTORUM
500 112 567 157 LIB.
583 113 628 157 vl.
774 109 822 157 ⁴35

68 214 256 284 Haecquoque
266 219 333 265 terra
343 210 446 282 aliquid
455 210 605 266 debetmihi
614 213 821 286 nominaruagni

105 287 245 360 coniugis.
275 287 333 341 Huc
343 295 432 358 captas
443 285 547 358 appulit
559 286 604 342 iiie
613 288 705 344 boves.
852 303 877 342 so

68 365 118 419 uic
127 361 201 418 male
209 360 335 416 defensus
345 359 459 417 flammis
470 371 495 415 et
504 362 564 418 dote
574 370 681 433 paterna

107 438 197 495 Cacus
206 436 366 493 Aventinam
376 438 509 512 sanguine
518 437 598 492 tinxit
608 438 734 494 humum.

69 512 349 587 Adpropioravooor:
371 512 501 585 populum
511 512 623 586 digessit
632 515 666 569 ab
676 517 754 569 annis

106 586 253 653 Romulus,
273 587 303 645 iu
312 595 399 660 partes
409 587 600 660 distribuitque
613 587 691 644 duas.

69 668 141 720 Haeo
150 664 214 719 dare
223 661 377 728 eonsilium,
398 681 518 737 pugnare
528 663 643 734 paratior
654 664 699 720 iila
709 676 761 720 est:
851 678 876 719 st

108 741 257 795 haecnetas
267 737 369 793 beilum
379 739 497 804 suadeat,
519 739 563 793 illa
573 748 657 812 gerat.

69 816 115 870 Sic
126 815 233 880 statuit,
255 830 415 885 mensesque
425 822 486 869 nota
497 815 609 870 secrevit
617 815 719 870 eadem.

109 889 207 945 Iunius
218 895 259 944 est
270 889 414 956 iuvenum;
436 891 486 960 qui
496 889 547 945 tuit
557 899 631 953 ante,
652 908 758 945 senum.

70 966 160 1022 Dixit:
181 964 245 1020 etin
254 963 326 1019 litem
337 964 426 1020 studio
435 965 587 1020 certaminis
598 965 689 1031 issent,

109 1048 191 1113 atque
201 1040 239 1094 ira
249 1040 333 1111 pietas
342 1039 510 1096 dissimulata
521 1039 599 1096 soret:
851 1057 876 1095 oo

71 1117 147 1173 venit
156 1114 295 1187 Apollinea
306 1113 399 1188 longas
411 1115 555 1171 Concordia
567 1116 641 1170 lauro

109 1208 178 1247 nexa
187 1207 293 1256 comas,
313 1189 410 1262 placidi
421 1209 521 1246 numen
530 1209 653 1262 opusque
663 1192 749 1246 ducis.

70 1267 142 1323 Haeo
150 1265 201 1323 ubi
210 1265 338 1331 narravit,
359 1266 465 1321 Tatium
479 1266 626 1337 fortemque
636 1266 778 1332 Quirinum

108 1342 229 1414 binaque
238 1358 300 1396 oum
311 1340 419 1414 populis
430 1359 511 1414 regna
520 1342 605 1396 coisse
617 1344 688 1396 suis:

71 1426 98 1473 et
107 1416 163 1473 lare
170 1416 308 1474 communi
319 1435 423 1472 soceros
432 1434 597 1490 generosque
609 1428 724 1488 receptos
734 1438 739 1472 ι
850 1431 875 1471 95

108 1492 266 1549 Hisuomen
276 1491 375 1548 iunctis
385 1492 490 1558 Iunius,
512 1493 614 1564 inquit,
637 1493 724 1546 habet.

71 1569 146 1624 Dicta
154 1567 415 1640 tripiexcaussaest.
445 1567 479 1622 At
488 1586 536 1623 vos
546 1569 687 1641 ignoscito,
709 1568 798 1621 divae:

110 1660 154 1698 res
163 1649 204 1698 ast
213 1642 323 1698 arbitrio
333 1661 385 1699 non
395 1643 545 1699 dirimenda
554 1659 622 1696 meo.

72 1720 288 1789 {tepuesame
317 1719 456 1774 Perierunt
464 1717 552 1772 iudice
561 1716 661 1772 formae

109 1794 253 1869 Pergama:
274 1792 336 1866 plus
347 1793 464 1858 laedunt,
485 1791 725 1865 quamiuvetuna,
741 1791 819 1845 duae.
836 1805 875 1845 too

72 1936 166 2000 Prima
176 1943 234 2000 dies
244 1943 292 2000 tibi
297 1943 500 2009 ,Carna‚datur.
514 1946 564 1998 Dea
576 1943 692 1998 cardinis
702 1944 765 1997 haec
771 1953 819 1997 est.

109 2019 329 2075 Numineclausa
338 2020 436 2091 aperit,
457 2019 557 2075 claudit
566 2028 654 2090 aperta
664 2037 723 2074 suo.

74 2094 148 2150 Unde
156 2094 232 2150 datas
241 2094 337 2150 habeat
346 2094 426 2160 vires.
447 2095 659 2151 obscurioraevo

110 2168 195 2238 iama;
216 2169 387 2226 sedenostro
395 2170 514 2225 carmine
523 2177 610 2223 certus
621 2170 683 2222 cris.

72 2242 181 2300 Adiacet
190 2245 321 2317 antiquus
329 2245 454 2301 Tiberino
466 2245 544 2301 lucus
553 2243 673 2298 Helerni:
837 2256 875 2297 roa

109 2319 249 2391 pontifices
260 2318 327 2376 illuc
337 2338 409 2376 nunc
419 2338 528 2392 quoque
537 2336 612 2374 sacra
622 2317 719 2375 ierunt.

72 2393 138 2449 iude
146 2402 202 2451 sata
212 2403 254 2450 est
262 2396 397 2470 Nympha,
409 2395 527 2468 (Granen
537 2395 627 2450 dixere
636 2395 758 2467 priores)

110 2470 297 2543 nequidquam
306 2471 400 2528 multis
410 2487 489 2544 saepe
498 2471 583 2545 petita·
592 2470 695 2545 procis.

72 2544 143 2597 Bora
149 2545 236 2616 sequi}
257 2546 410 2624 iacntr'sque
419 2547 492 2607 ieras
503 2549 609 2627 agitare
618 2549 746 2617 sciehat,
900 2623 901 2626 Ἴ

96 2615 340 2692 nodoemqueoara
351 2629 467 2690 tendere
479 2629 557 2695 valle
566 2630 684 2712 pingas.
884 2627 933 2665 m

920 2828 940 2886 1
