1898 2970
262 162 453 212 TRISTIUM
476 166 548 211 LIB.
566 166 601 213 n.
755 161 803 212 499

96 280 218 339 cumque
226 282 277 323 suc
285 266 365 321 linem
375 283 468 321 mense
478 265 604 321 volumen
613 266 706 322 habet:
822 277 860 320 55⁰

60 340 143 414 idque
152 348 200 397 tuo
208 358 295 413 nuper
302 342 432 413 scriptum
443 342 495 397 sub
505 342 622 407 nomine,
642 341 747 407 Caesar,

97 424 125 471 at
132 416 183 471 tibi
192 424 326 473 nuatum
335 434 393 473 sors
402 434 461 471 mea
472 417 545 488 rupit
554 433 632 488 opus.

58 492 95 547 Et
104 490 230 547 dedimus
241 492 349 567 tragicis
362 492 491 564 scriptum
501 490 588 565 regale
596 492 747 547 cothurnis:

83 608 86 613 .
99 582 225 641 quaeque
232 566 325 641 gravis
334 567 500 623 debstverha
511 567 659 623 cothurnus
667 567 754 622 habet.

59 641 359 713 Dictaqussnntncbis‚
371 643 496 714 quamvis
506 660 603 698 manus
612 640 706 697 ultima
715 654 805 713 coeptu
824 655 861 696 {nc

99 714 195 783 defuit,
215 716 244 771 in
254 715 334 771 lacida
344 733 451 789 corpora
462 735 538 773 versa
549 734 642 774 novas.

60 792 152 864 Atque
159 791 263 847 utinam
274 808 380 847 revoces
392 793 514 847 animum
524 791 661 865 paulisper
670 792 703 846 ab
713 794 761 857 ira,

99 874 126 923 at
133 882 220 923 vacuo
229 866 321 921 iubeas
330 866 395 922 hinc
402 868 451 922 tibi
462 885 546 939 pauca
557 866 622 941 legi3

60 958 158 1015 pauca,
178 942 281 1015 quibus
290 941 377 1013 prima
386 959 500 1016 surgens
510 943 544 997 ab
553 942 655 1015 origine
664 942 768 1006 mundi,

95 1018 129 1079 ‚in
140 1024 187 1071 tua
196 1015 295 1073 deduxi
307 1024 434 1089 tempora,
451 1017 555 1083 Caesar,
576 1035 657 1089 opus:
826 1028 863 1070 560

62 1092 207 1165 adspicias,
228 1100 360 1165 quantum
370 1092 473 1147 dederis
483 1093 549 1147 mihi
563 1094 675 1165 pectoris
685 1092 756 1164 ipse:

99 1184 212 1241 quoquc
220 1166 310 1224 levore
319 1168 403 1223 animi
415 1177 492 1239 teque
501 1175 614 1240 tuosque
627 1183 731 1223 canam.

62 1244 121 1298 Non
131 1260 183 1316 ego
191 1242 310 1299 mordaci
320 1243 450 1298 destrinxi
460 1243 577 1300 carmine
590 1260 769 1316 quemquam:

100 1334 151 1373 nac
160 1334 238 1375 maus
247 1317 331 1375 ullius
340 1319 451 1375 crimina
462 1336 556 1374 versus
566 1318 653 1374 habet.

62 1392 343 1451 Candidusasalibus
352 1393 464 1449 suffusis
475 1392 536 1448 felle
544 1392 644 1469 refugi:
826 1406 863 1448 565

100 1467 177 1525 nulla
187 1476 317 1525 venenato
327 1468 401 1524 litera
411 1469 489 1523 mista
500 1469 556 1525 ioco
565 1479 613 1525 est.

64 1544 137 1599 lnter
145 1551 184 1599 tct
193 1542 297 1616 populi,
318 1552 356 1601 tct
364 1543 455 1616 scripti
465 1543 550 1600 millia
560 1546 653 1610 nostri,

100 1636 184 1691 quam
196 1636 256 1675 mea
266 1618 383 1692 Calliope
393 1618 505 1685 laeserit,
526 1637 598 1675 unus
608 1636 662 1674 ero.

63 1696 125 1750 Non
135 1693 219 1768 igitur
227 1696 326 1751 nostris
336 1694 423 1750 ullum
451 1695 548 1750 audere
557 1693 686 1761 Quiritem

100 1786 231 1845 auguror,
249 1777 278 1827 at
290 1769 388 1826 multos
398 1713 555 1834 indoluisse,
572 1768 660 1823 malis.
828 1780 866 1820 550

61 1846 119 1901 Nec
128 1842 197 1899 milti
206 1844 333 1901 credibile
342 1853 554 1918 eatquemquam
566 1842 692 1898 insultare
702 1841 794 1896 iacenti
805 1861 810 1910 ;

100 1920 189 1995 gratia
198 1914 306 1977 candori
316 1921 339 1975 si
350 1938 403 1993 qua
415 1919 495 1975 relata
504 1936 564 1975 mcc
573 1926 622 1974 est.

62 1994 113 2051 llis
120 2011 216 2067 precor
224 2002 304 2067 atque
314 1995 373 2051 aliis
383 1995 488 2068 possint
498 2002 543 2051 tua
553 1995 666 2051 numina
676 1992 753 2059 llccti,

102 2078 215 2143 apator,
234 2071 360 2142 cpatrias
368 2088 432 2126 cura
442 2071 570 2143 salusque
579 2079 652 2127 tuac:

66 2162 120 2201 non
132 2146 199 2201 utin
209 2144 356 2201 Ausoniam
367 2146 482 2212 redeam,
504 2147 556 2201 nisi
567 2145 675 2202 forsitan
686 2145 759 2209 olim,
828 2155 866 2198 575

104 2238 192 2293 quum
202 2219 283 2295 longo
291 2238 391 2293 poenae
401 2228 518 2293 tempore
527 2220 615 2276 victus
626 2219 688 2275 eris.

66 2296 164 2351 Tutius
173 2294 300 2353 exsilium
309 2295 444 2370 pauloque
452 2295 571 2369 quietius
581 2314 636 2362 oro,

104 2370 298 2443 utpardslictc
308 2372 344 2429 sit
352 2388 411 2430 maa
419 2389 504 2446 poena
513 2388 572 2427 suo.

361 2545 580 2584 ‘'w'‘
