1898 2970
146 192 197 246 256
331 194 362 242 1³.
384 191 513 240 ovum
530 192 701 239 Nueortls

184 297 308 354 conscius
318 296 347 352 in
358 293 438 369 eulpa
448 313 502 352 uon
512 293 600 351 sosius
610 311 741 351 ensesue.

146 375 230 446 Seepe
239 371 332 440 refert,
354 373 389 428 sit
398 379 499 447 quante
507 370 551 426 dei
563 368 719 442 clementie3
739 369 823 437 cuiue

93 465 118 508 to
184 468 213 504 se
222 466 332 582 quffiue
342 449 371 504 in
380 446 512 520 exemplis
521 462 701 503 annumerare
710 445 791 504 solet.

147 528 266 599 Nemqu
309 542 374 597 opes
383 531 470 580 teneet
478 524 592 596 patries,
613 522 687 596 quod
697 522 897 590 nomiminis,

186 599 387 674 deniquequod
396 601 485 666 vivet,
506 616 609 655 munus
618 598 719 656 hebere
729 598 787 656 dei.

149 678 186 731 Te
198 687 297 743 temen,
318 672 632 747 osiquidoredismihi‚
652 674 751 742 carim,
771 672 830 743 ills,

187 752 324 818 omnibus,
345 750 374 806 in
384 757 437 807 toto
449 757 554 822 pectore
564 749 776 823 sempsrhebst:

94 840 121 887 25
133 828 137 837 '
150 837 229 902 teque
239 825 436 892 Menoetiaden,
457 824 541 899 toqui
553 824 829 895 oomitetusOresten,

189 911 298 960 tevocet
308 901 426 976 Aegiden
436 900 642 977 Euryalumque
650 918 747 959 suum.

151 984 206 1036 Nec
215 980 328 1052 petriam
338 977 426 1053 magis
436 976 482 1035 ille
492 994 570 1033 suem
581 977 724 1046 desideret,
745 986 853 1052 etqnee

189 1052 749 1127 plurimeoumpetriaseutitehessesibi3

151 1149 234 1204 quam
244 1129 336 1186 vuitus
346 1129 493 1203 oculosque
502 1136 573 1196 tuos,
593 1128 782 1190 oduloiorillo

96 1218 122 1261 to
188 1205 275 1273 melle,
296 1202 580 1280 quodinoerisdttioe
590 1205 755 1280 ponitepis!

152 1282 234 1354 Saepe
243 1282 323 1337 etiem
334 1299 456 1339 moerens
469 1289 576 1354 tempus
586 1282 771 1338 reminiscitur
780 1282 861 1353 iilud,

189 1357 261 1429 quod
273 1375 326 1413 non
337 1365 513 1430 praeventum
524 1365 608 1414 morte
618 1356 703 1414 fuisse
711 1357 794 1426 dolet,

152 1450 293 1507 quumque
303 1432 348 1487 aiii
359 1430 482 1508 fugerent
492 1433 597 1490 subitae
607 1433 732 1510 oontogie.
739 1433 836 1504 cledis,

190 1527 238 1565 nec
247 1507 345 1564 vellent
354 1509 421 1564 ictae
430 1510 514 1566 limen
524 1510 599 1566 edire
607 1510 715 1577 domus,

97 1597 124 1641 st
152 1595 177 1641 te
186 1585 238 1640 sibi
251 1602 313 1640 cum
324 1584 418 1657 prucis
427 1586 552 1640 meminit
563 1586 696 1643 mansisse
705 1586 830 1644 fidelem:

191 1662 214 1717 si
224 1679 324 1734 paucos
333 1660 434 1734 aliquis
442 1668 530 1717 tresve
542 1661 646 1719 duosve
654 1671 741 1721 voert.

153 1739 284 1807 Quamvis
294 1737 431 1805 attonitus,
453 1738 537 1794 sensit
546 1745 636 1795 temen
645 1740 752 1796 omnin:
775 1748 861 1796 noeto

192 1833 220 1870 se
231 1816 322 1872 minus
333 1815 453 1872 adversis
462 1814 611 1871 indoluisse
620 1814 688 1872 suis.

155 1892 241 1947 Verba
251 1891 327 1958 solet,
339 1891 501 1964 vultumque
513 1899 602 1957 tuum,
612 1890 787 1966 gemitusque
797 1892 906 1955 referre,

100 1975 125 2024 tt
192 1966 338 2023 etteiiente
347 1985 411 2024 suos
421 1966 592 2024 demeduisse
600 1968 692 2024 sinus:

154 2061 238 2114 quam
247 2043 299 2098 sibi
310 2043 488 2116 praestiteris,
508 2061 563 2115 que
573 2043 725 2100 eonsolntus
735 2045 857 2101 amioum

193 2121 231 2173 sis
240 2137 303 2191 ope:
324 2117 452 2176 solandus
462 2137 550 2192 quum
559 2119 643 2174 simul
655 2120 712 2192 ipse
722 2118 803 2175 fores.

156 2196 205 2249 Pro
215 2195 316 2266 quibus
326 2194 442 2251 affirmet
451 2194 506 2251 fore
516 2213 545 2251 se
554 2211 755 2267 memoremque
766 2195 910 2269 piumque:

192 2270 250 2326 sive
258 2271 331 2327 diem
341 2271 444 2339 videet,
464 2271 523 2326 sive
533 2278 636 2346 tegetur
647 2271 741 2336 humo.

101 2350 127 2397 to
155 2361 202 2416 per
211 2354 292 2416 caput
301 2347 360 2419 ipse
369 2365 451 2403 suum
461 2345 556 2403 solitus
568 2348 656 2403 iurene
665 2355 811 2420 tuumque,

194 2419 267 2491 quod
276 2423 332 2479 scio
344 2441 398 2479 non
410 2420 449 2477 illi
460 2421 543 2479 vilius
552 2441 610 2479 osse
622 2440 682 2479 suo.

157 2493 284 2565 Plenatot
293 2515 323 2551 ec
334 2498 415 2554 tentis
426 2497 553 2555 referetur
563 2500 648 2574 gratie
660 2497 750 2567 sattim

191 2569 449 2632 necsinetilletuos
458 2573 621 2630 iittusurnre
630 2575 726 2629 tusses=

141 2649 295 2712 Fecmodo
303 2660 467 2713 constanter
476 2647 632 2725 nroiugum
639 2655 749 2700 tueare.
765 2647 910 2712 nundum*

69 2740 102 2789 ⁵0
174 2734 229 2814 qui
239 2733 317 2796 bene
330 2740 362 2792 to
374 2731 472 2797 novit,
491 2742 554 2785 110ss
565 2726 665 2794 ‘Qvi
678 2719 839 2786 ⁸*thss-
