1898 2970
274 149 488 199 FASTORUM
508 149 579 201 LIB.
600 151 619 201 l.
781 150 785 155 '
805 151 821 203 7

72 252 183 326 Templa
192 261 423 328 paientaureequa
432 253 527 309 deum:
548 271 597 310 nee
605 253 698 329 lingua
709 256 821 312 caducas

109 328 226 401 concipit
233 329 289 385 ulla
298 346 405 402 praeea3
425 328 549 402 dictaque
557 329 663 402 pondus
672 329 781 387 habent.

72 403 191 460 Desierat
198 404 295 462 Ianua:
316 422 370 460 uon
380 404 459 478 longa
470 403 576 461 silentia
584 403 648 476 ἰωὴ

109 477 157 534 aed
168 479 242 554 tetigi
253 479 343 537 verbis
352 479 449 535 ultima
457 479 539 536 verba
548 481 630 536 meis:

71 552 143 622 Quid
152 553 309 627 vultpaima
319 555 372 610 eibi
381 572 533 630 rugosaque
544 555 639 623 mrim,
660 556 727 622 dixi,
837 573 876 613 rae

110 636 137 683 et
146 629 206 685 data
215 631 270 686 sub
279 631 357 687 niveo
366 629 479 686 candida
489 630 568 687 mella
578 631 662 688 cado?

72 704 169 772 Omen,
190 706 235 772 ait,
256 722 350 762 musea
359 713 409 771 est,
429 713 461 761 ut
470 723 512 761 ree
522 723 602 779 sapor
610 706 657 762 ille
665 713 806 782 aequatur,

110 787 136 834 et
145 787 386 855 peragateoeptum
394 780 483 836 duleis
493 789 524 836 ut
534 799 624 838 annue
634 783 692 838 iter.
731 781 733 785 ⁴

72 853 163 910 Dulcia
173 873 223 911 eur
231 855 338 921 dentur,
359 855 451 911 video:
472 857 551 928 stipis
561 857 646 911 adiice
655 875 787 922 museum,

110 948 174 1003 pare
184 929 252 985 mihi
261 930 296 986 de
306 930 373 986 faeta
382 947 417 985 ne
426 929 561 986 labetulla
572 938 628 987 tuo.
836 948 875 989 190

71 1007 154 1072 Risit,
175 1014 210 1073 et,
231 1003 664 1078 Oquamtafalluuttuasaeeula,
685 1007 762 1073 dixit,

107 1082 157 1154 qui
167 1081 236 1154 stipe
247 1080 299 1136 mel
309 1087 401 1142 sumta¹
408 1079 515 1136 dulcius
528 1098 586 1137 esse
598 1084 691 1155 putas!

69 1158 124 1215 vix
133 1174 182 1230 ego
192 1155 307 1213 Saturne
314 1165 481 1229 quemquam
491 1165 618 1232 regnante
626 1157 761 1224 videbam,

108 1234 188 1287 cuiue
198 1249 252 1288 non
262 1233 354 1288 animo
361 1230 450 1287 dulcia
462 1230 535 1287 luera
546 1230 640 1288 forent.

70 1309 202 1378 Tempore
209 1307 292 1363 erevit
304 1324 394 1374 amor,
412 1307 461 1380 qui
476 1324 548 1363 nune
560 1315 601 1363 eet
611 1326 752 1376 summus,
773 1312 821 1365 ha-

607 1383 703 1440 bendi:
837 1401 875 1440 mu

109 1459 168 1523 vix,
189 1455 259 1512 ultra
268 1456 387 1530 quoiam
395 1456 589 1532 progrediatur,
610 1459 699 1515 habet.

70 1533 160 1588 Pluris
168 1549 233 1605 opes
242 1539 397 1599 nunaaum,
418 1549 501 1606 quam
511 1533 592 1606 prisci
602 1536 728 1607 temporis
738 1537 827 1602 annis,

109 1609 175 1664 dum
185 1607 304 1681 populus
315 1625 431 1680 pauper,
451 1608 517 1664 dum
529 1627 598 1665 nova
609 1610 692 1666 Roma
701 1610 768 1680 fain

72 1684 138 1740 dum
148 1701 209 1740 caea
217 1683 392 1758 Martigenam
400 1684 520 1756 capiebat
532 1703 615 1757 parva
624 1683 778 1752 Quirinum,

109 1767 136 1814 et
145 1759 224 1815 dabat
232 1759 362 1834 exiguum
371 1757 492 1814 fluminis
503 1759 566 1814 ulva
575 1767 674 1814 torum.
834 1774 873 1816 ⁴20⁰

71 1834 172 1907 Iupiter
180 1842 294 1911 angusta
304 1835 352 1890 vix
360 1842 432 1891 tems
441 1835 526 1889 stabat
535 1834 564 1889 in
578 1833 654 1901 aede;

111 1909 255 1983 inquelo'
282 1909 374 1965 dextra
384 1908 464 1966 fictile
472 1907 575 1966 fulmen
584 1917 649 1966 arat.

71 1985 224 2042 Frondibus
232 1984 372 2052 ornabant,
393 2002 463 2060 quae
471 1983 683 2058 nunaCapitolia
691 1988 817 2060 gemmis:

108 2062 286 2134 pascebatque
295 2077 360 2115 suaa
368 2060 426 2134 ipae
434 2067 540 2118 senator
548 2078 621 2118 oves.

71 2139 126 2192 Nec
133 2135 229 2209 pudor,
251 2135 280 2192 in
289 2133 389 2206 stipula
398 2135 529 2208 placidam
541 2143 645 2208 captare
654 2136 771 2208 quietem
835 2149 875 2191 2⁰5

109 2220 135 2267 et
143 2211 252 2268 foenum
262 2209 342 2283 capiti
352 2210 538 2284 supposuisse,
557 2210 617 2267 fuit.

71 2288 133 2343 lura
142 2286 223 2343 dabat
230 2284 339 2359 populis
349 2286 436 2359 posita
444 2285 523 2344 modo
531 2295 635 2358 praeter
647 2293 747 2354 aratro;

109 2370 136 2417 et
147 2361 214 2418 levis
225 2360 327 2436 argenti
337 2360 436 2418 lamina
445 2361 546 2419 crimen
555 2369 619 2417 erat.

71 2438 106 2493 At
113 2443 257 2511 postquam
266 2435 372 2492 fortuna
383 2436 434 2494 loai
442 2444 523 2509 eaput
534 2437 629 2493 extulit
638 2436 736 2504 huius,

109 2519 135 2568 at
144 2512 230 2586 tetigit
238 2527 347 2568 summo
357 2511 454 2567 vertiee
462 2511 547 2567 Roma
555 2511 640 2581 deam,
845 2518 894 2554 W*

69 2593 213 2645 eraverunt
221 2593 330 2662 atopea,
349 2585 739 2664 etopumiurimaeup'xduz.

102 2670 140 2732 et,
162 2680 252 2738 quum
260 2665 426 2741 possideant
434 2666 580 2745 piurima,
596 2654 820 2741 pimapemm.
