1898 2970
168 165 220 211 ux
237 165 369 212 rouro
387 165 443 212 ur.
463 167 535 213 me.
548 167 592 214 rv.
612 169 667 215 ur.
682 169 708 213 4.
760 163 809 217 339
869 154 872 160 '

64 268 119 324 Nee
128 266 274 322 minimum
286 264 374 332 refert,
395 267 491 323 intacta
501 269 600 325 rosaria
609 270 725 341 primus,

101 360 137 399 au
147 359 206 398 sera
215 358 308 416 cerpus
317 359 401 415 paene
410 341 498 407 relicte
509 361 602 400 manu.

63 417 137 487 Quid
147 419 259 484 mirum,
280 418 354 474 lectis
363 418 493 475 exhauste
504 418 616 476 floribus
625 421 709 490 horto,

101 495 125 551 si
135 493 203 550 duee
215 498 270 551 nou'
278 492 344 549 iectu
355 501 394 550 est
402 494 484 570 digua
493 512 588 553 eoroua
598 495 667 553 suoi

64 573 204 644 Deprecor,
225 569 290 626 haec
299 578 391 626 vatum
401 577 491 626 conus
500 573 549 626 suls
559 571 678 629 earmina
686 588 720 627 ue
729 572 792 645 quis
840 585 866 627 ss

102 646 172 702 dicta
183 653 268 719 putet.
297 647 348 702 Pro
356 663 386 702 se
396 646 473 702 Musa
482 646 568 704 locutu
578 665 637 703 mee
647 655 696 704 est.

64 722 134 778 Sunt
144 721 212 777 mihi
221 721 361 793 iobiscum
371 723 526 779 eommunia
538 740 622 791 secra,
643 725 747 796 poitse3
789 733 792 739 '

102 798 133 855 in
142 797 346 854 restro-miseris
355 797 379 852 si
390 795 450 853 lieet
458 815 516 854 esse
527 799 621 869 chor03

66 890 220 950 magnaque
229 890 291 946 pers
302 871 385 929 animi
396 889 501 930 meeum
512 873 629 942 vixistis,
651 874 740 929 amici.

103 951 159 1006 lieo
170 966 219 1024 ego
228 966 277 1006 vos
285 948 382 1005 absens
392 966 466 1005 nunc
474 966 583 1023 quoque
595 958 669 1024 parte
678 948 744 1006 eolo.
840 960 866 1002 το

65 1024 125 1081 Sint
135 1025 218 1100 igitur
231 1032 318 1081 vestro
327 1041 385 1080 meu
394 1025 577 1082 commendate
590 1025 679 1082 iuvere

103 1101 231 1167 carmina,
253 1118 307 1156 non
315 1116 427 1173 possum
436 1119 485 1174 pro
494 1101 595 1174 quibus
607 1101 665 1174 ipse
674 1100 758 1174 loqui.

67 1176 168 1248 Scripta
179 1174 307 1248 placente
320 1184 404 1232 morte
412 1175 480 1233 iere:
501 1177 564 1250 quia
575 1176 677 1234 laedere
687 1179 763 1233 vivos

105 1251 173 1307 livor
184 1258 210 1307 et
219 1251 320 1307 iniusto
329 1267 435 1324 carpere
444 1252 522 1308 dente
531 1251 606 1308 solet.

66 1327 93 1382 Si
103 1344 190 1402 genus
199 1334 240 1382 est
248 1326 351 1386 mortis.
363 1327 431 1383 maie
439 1327 538 1393 vivere,
549 1335 617 1384 terra
626 1335 758 1397 moratur3
841 1339 867 1380 75

103 1411 129 1457 et
141 1401 238 1458 desunt
247 1402 308 1458 istis
317 1403 372 1458 sols
383 1402 504 1476 sepulcre
514 1403 590 1460 meis.

65 1478 196 1550 Denique,
207 1495 276 1552 opus
287 1486 391 1536 nostrae
400 1478 522 1552 culpetur
530 1487 560 1535 ut
569 1478 692 1554 undique
701 1496 789 1544 curae,

103 1553 221 1609 officium
235 1572 314 1611 nemo
322 1554 370 1627 qui
380 1555 554 1629 reprehendet
562 1557 620 1611 erit.

65 1630 101 1684 Ut
109 1628 197 1685 desint
206 1629 291 1701 vires,
312 1630 736 1688 temenestisudandevoiuutas.

102 1706 362 1780 Hueegoeontentos
372 1721 555 1780 auguroresse
564 1705 637 1763 deos.
842 1717 867 1758 80

67 1779 216 1848 Haeeiacit,
237 1788 268 1836 ut
278 1780 368 1837 veniat
376 1798 478 1854 pauper
486 1798 595 1854 quoque
606 1787 700 1856 gratus
706 1781 813 1848 adures,

103 1865 131 1912 et
140 1855 242 1929 placeat
252 1873 328 1913 caeso
337 1875 390 1913 nou
400 1858 492 1912 minus
502 1874 570 1932 agua
582 1856 660 1915 bove.

67 1933 119 1988 Res
129 1948 238 2006 quoque
249 1939 319 1988 tauta
329 1931 390 1999 fuit,
410 1939 525 2005 quantes
534 1932 690 2002 subsistere,
704 1952 812 1991 summo

103 2007 235 2064 Aeneidos
245 2008 299 2064 veti
307 2007 409 2082 grande
420 2007 515 2064 fuisset
524 2025 603 2066 onus.

66 2085 145 2140 Ferre
154 2083 235 2140 etiem
245 2082 339 2139 molles
349 2082 417 2159 elegi
428 2092 482 2140 tum
491 2092 566 2141 vaste
577 2084 708 2157 triumphi
841 2099 865 2138 ss

103 2159 219 2234 pondera
230 2158 385 2232 disparibus
395 2177 448 2216 uon
457 2166 566 2233 potuere
574 2160 649 2216 rotis.

66 2237 125 2304 Quo
134 2235 202 2309 pede
211 2251 285 2291 nune
294 2242 363 2302 uter,
384 2233 466 2293 dubie
476 2242 516 2292 est
524 2234 654 2292 sententie
665 2235 756 2306 nobis3

103 2311 168 2367 alter
178 2311 250 2368 euim
260 2310 336 2377 dete,
356 2310 457 2378 Rhene,
477 2310 632 2383 triumphus
643 2309 726 2368 adest.

65 2388 141 2444 irrite
151 2403 274 2444 verorum
284 2404 336 2444 uon
347 2393 412 2444 sunt
420 2388 557 2464 praesagia
570 2396 672 2442 vatum.

101 2463 193 2519 Danda
204 2463 259 2519 lori
270 2462 372 2530 laurus,
383 2462 449 2519 dum
458 2464 531 2536 prior
540 2462 585 2518 iiia
595 2462 673 2519 viret.
841 2475 866 2518 eo

64 2539 119 2595 Nec
130 2556 190 2595 mes
202 2537 284 2595 verbe
294 2538 369 2614 legis,
390 2540 437 2612 qui
448 2556 509 2594 sum
520 2538 662 2595 submotus
672 2539 706 2595 ad
715 2539 823 2605 istrum,

104 2633 159 2672 uon
169 2615 239 2672 heus
248 2616 347 2688 pacatis
360 2613 471 2671 flumina
480 2622 541 2688 potu
551 2614 639 2672 Getis:

65 2690 117 2748 iste
126 2691 169 2748 dei
179 2709 232 2748 vox
243 2698 296 2747 est:
317 2689 383 2745 deus
393 2699 433 2746 est
442 2691 469 2745 in
482 2698 700 2764 peetureuesiru.

661 2777 721 2833 iu
