1898 2970
122 175 657 226 exemwoenemsccee
718 163 766 222 tw

231 447 559 505 EPISTOLARUM

94 590 695 649 ΕΧΡυΝΤθ

164 729 314 776 etune
355 729 599 784 ccciccc

334 880 462 889 m

225 1007 489 1087 musceta
526 1031 555 1086 1.

174 1146 220 1189 AD
243 1146 394 1191 SEXTUM
414 1149 618 1194 POMPEIUM.

38 1258 141 1333 iccipe‚
162 1258 285 1332 Pompei,
306 1259 450 1315 deductum
461 1278 567 1318 armen
577 1261 675 1328 abillo,

60 1336 165 1392 debitor
174 1342 214 1391 est
222 1335 292 1391 vitae
301 1335 349 1406 qui
362 1335 426 1401 tihi,
446 1335 537 1404 Sexte,
558 1354 632 1393 suae.

38 1411 76 1480 tui
87 1411 111 1466 ci
121 1428 176 1467 non
186 1411 311 1483 prohibes
321 1427 336 1465 a
347 1427 390 1466 me
399 1418 444 1467 tun
455 1414 563 1469 nomina
574 1415 647 1485 poci,

61 1485 166 1542 accedet
176 1485 278 1541 meritis
288 1485 352 1540 haec
361 1502 469 1559 quoque
478 1506 584 1544 summa
595 1489 659 1545 tuis.

38 1564 86 1618 tive
95 1561 179 1617 trahis
188 1561 294 1628 vultus3
316 1562 440 1634 equidem
450 1581 572 1636 peccasse
582 1564 692 1620 fatebor.
814 1577 825 1617 5

60 1637 154 1693 Delicti
163 1644 251 1692 temen
261 1644 301 1691 eet
309 1654 403 1694 caussa
413 1639 548 1710 probanda
560 1640 622 1695 mei.

38 1716 83 1771 Ion
92 1713 180 1787 potuit
189 1730 247 1768 mea
256 1729 346 1780 mens,
368 1714 435 1786 quin
444 1722 514 1768 esset
522 1723 605 1788 grata,
628 1714 719 1769 teneri.

61 1788 102 1846 Sit
110 1805 203 1862 precor
212 1786 298 1845 officio
308 1806 361 1845 non
371 1788 461 1863 gravis
471 1789 510 1844 ira
518 1789 573 1860 pio.

38 1864 162 1940 >quoties
171 1881 221 1939 ego
230 1881 292 1920 eum
301 1862 379 1921 libris
390 1863 457 1921 mihi
467 1864 544 1920 visus
556 1864 653 1919 inistis

61 1939 181 2013 impius,
202 1940 230 1995 in
242 1937 316 1997 nullo
325 1939 399 2014 quod
408 1938 523 2015 legerere
534 1938 605 1996 loco!
801 1951 826 1996 tt

38 2016 169 2091 quoties,
189 2014 236 2071 clii
245 2014 341 2073 vellem
351 2033 436 2089 quum
447 2017 578 2082 scribere,
600 2033 696 2072 nomen

60 2090 153 2148 retulit
162 2091 191 2147 in
200 2108 273 2147 ceres
283 2091 367 2147 inscie
376 2091 468 2148 dextre
478 2094 570 2148 tuum!

38 2184 83 2240 pse
94 2166 163 2223 mihi
171 2165 273 2240 placuit
281 2167 385 2227 mendis
394 2167 424 2224 in
433 2167 532 2224 talibus
543 2186 628 2236 error3

60 2250 87 2299 et
98 2242 146 2298 vix
155 2242 239 2299 invite
248 2241 315 2299 fecte
325 2241 404 2299 litura
412 2260 496 2300 manu
506 2252 555 2300 est.

38 2318 135 2386 Viderit,
155 2318 190 2374 ad
198 2336 338 2377 summum
346 2317 414 2376 dixi.
443 2321 516 2377 Licet
526 2321 583 2392 ipse
592 2326 732 2392 queratur;
801 2330 826 2374 15

60 2393 132 2450 hanc
141 2392 224 2467 pudet
232 2393 359 2451 offensem
372 2413 426 2452 non
436 2398 567 2453 meruisse
576 2395 665 2469 prius!

38 2474 61 2526 ta
70 2469 150 2537 mihi,
161 2469 302 2543 siquiden
312 2478 361 2537 est,
371 2471 538 2529 hebetantem
548 2481 651 2546 pectore
660 2471 770 2542 Lethen,

62 2545 164 2603 oblitus
173 2552 264 2619 potero
272 2562 326 2603 non
338 2554 424 2603 temen
434 2566 492 2604 esse
500 2548 550 2605 tui.

38 2621 259 2692 §wedunam
279 2621 587 2703 ecciestiditerepeiiee

43 2691 145 2746 verbe:
164 2693 317 2756 necofficio
328 2700 436 2764 crimen
448 2705 549 2768 inesse
558 2715 660 2786 putee.
841 2699 880 2741 Ἢ
