1898 2970
133 181 184 237 356
325 183 354 228 Ρ.
375 178 503 228 ovum
519 179 689 227 Nasoms

78 303 90 346 s
132 287 223 356 Quum
232 282 350 360 gelidum
360 282 490 349 Thraoen.
500 289 527 339 et
538 287 662 354 opertum
680 282 804 340 nubibus
818 284 882 343 iias·

614 373 704 425 mum,

171 444 197 492 et
207 434 290 490 maris
300 434 369 490 Ionii
378 432 536 490 transieritis
546 449 645 507 aquas3

135 512 194 567 tuce
203 511 296 566 minus
308 510 410 564 decima
420 509 558 565 dominam
567 508 681 566 venietis
697 508 728 567 in
738 511 848 578 Urbem,

172 594 202 642 ut
211 585 366 642 foeunatum
377 602 431 641 non
441 583 543 641 indata
552 584 611 641 iter.

135 663 260 718 Protinus
270 660 332 717 inde
344 659 442 717 domus
451 659 529 717 vobis
538 659 665 733 Pompeia
674 667 791 734 petetur.

81 752 106 795 tu
173 740 231 794 Non
241 744 281 792 est
290 735 412 810 Augusto
424 736 540 792 iunctior
554 734 610 793 ulla
619 737 698 794 Fere.

135 814 164 870 Si
176 813 249 887 quis,
269 819 300 867 ut
312 811 340 867 in
352 809 461 883 pupulo,
483 812 531 883 qui
539 811 609 878 sitis,
620 819 647 866 et
657 811 740 878 unde,
752 815 882 886 requirat:

174 887 399 959 nominrueoepto
408 886 543 960 quaelibet
552 904 617 945 anre
626 886 702 944 ierat.

136 966 171 1022 Ut
183 965 218 1019 sit
230 964 302 1019 enim
312 969 411 1029 tutum,
433 961 503 1019 sieut
512 979 572 1020 reor
579 980 648 1029 ease,
668 961 760 1033 fateri3

174 1039 254 1096 verba
264 1037 356 1095 minus
365 1037 503 1097 oartefieta
512 1039 616 1096 timoris
626 1039 735 1096 habant.

82 1129 109 1175 tt
136 1116 218 1189 Copia
231 1132 280 1170 nee
289 1113 365 1171 vobis
374 1113 430 1171 ullo
439 1113 597 1186 prohibente
611 1114 720 1171 videndi

173 1189 303 1256 consulis.
324 1197 354 1246 ut
363 1189 446 1245 limen
455 1190 629 1264 contigeritis,
649 1190 710 1246 erit.

137 1264 191 1323 tint
199 1274 271 1341 reget
280 1264 326 1322 ilie
334 1283 398 1323 suus
409 1264 722 1333 dicendoiuraQuirites.

173 1340 349 1413 oonspieuum
359 1340 446 1417 signis
455 1357 542 1415 quum
551 1349 654 1415 premet
666 1341 739 1399 altus
749 1342 818 1400 ebur

138 1427 193 1483 aut,
213 1415 307 1488 populi
316 1415 417 1472 reditus
427 1417 542 1489 positam
551 1417 856 1489 componendorum,

83 1508 111 1550 tn
174 1502 199 1548 et
208 1491 294 1547 minui
308 1508 421 1566 magnae
431 1511 485 1549 non
494 1493 564 1548 sinet
573 1492 650 1548 urbis
658 1510 737 1566 opes3

138 1577 192 1634 eut¹
214 1567 261 1623 ubi
271 1574 350 1623 erunt
359 1568 448 1622 Patres
461 1569 489 1622 in
499 1568 566 1623 luiia
578 1567 676 1641 temple
685 1571 782 1634 vocati,

175 1645 208 1700 de
218 1651 290 1700 tanto
299 1644 390 1718 dignis
403 1642 519 1700 Consule
530 1645 611 1700 rebus
621 1653 695 1718 aget3

138 1730 184 1776 aut
193 1719 257 1775 feret
265 1720 387 1795 Augusto
398 1718 504 1775 solitum
514 1727 630 1792 natoque
638 1718 768 1789 salutem

174 1798 261 1869 deque
270 1814 367 1869 purum
378 1802 440 1855 note
448 1794 569 1852 eonsulet
576 1795 673 1852 officio.

84 1887 109 1930 25
138 1874 256 1945 Tempus
266 1872 300 1928 ab
309 1872 353 1927 his
363 1889 480 1929 vaenum
496 1871 592 1928 Caesar
602 1871 780 1929 Germanicus
789 1890 869 1930 omne

177 1947 285 2004 auferet.
315 1945 741 2022 Amagnishunoeolitilledeis.

139 2025 229 2093 Quum
241 2032 328 2080 temen
338 2041 354 2080 a
364 2023 441 2081 turba
451 2041 542 2080 rerum
555 2023 714 2095 requieverit
723 2022 832 2089 harum,

177 2102 211 2155 ad
220 2119 268 2157 vos
279 2107 431 2156 mansuetas
440 2099 557 2173 porriget
567 2098 611 2153 iile
621 2116 733 2153 manus:

139 2174 259 2247 quidque
269 2193 365 2248 parens
374 2192 423 2250 ego
433 2182 519 2229 vester
529 2192 616 2249 agam,
638 2173 748 2231 fortasse
759 2177 885 2248 requiret.

85 2264 110 2305 30
176 2249 249 2304 Talia
262 2269 309 2306 vos
319 2251 358 2305 iiii
368 2250 477 2306 reddere
488 2250 569 2307 verba
580 2247 654 2307 volo:

138 2323 212 2380 Vivit
221 2325 318 2391 adhue,
339 2327 475 2397 vitamque
484 2325 532 2380 tibi
544 2326 640 2382 debere
649 2325 754 2392 fatetur,

176 2415 258 2469 quern
269 2401 344 2471 prius
356 2420 370 2457 a
381 2400 439 2456 miti
450 2400 560 2456 Caesare
571 2419 671 2457 munus
683 2401 773 2456 habet.

140 2473 176 2527 Te
186 2472 248 2537 sibi,
269 2493 355 2546 quum
366 2477 476 2550 fugeret,
498 2477 609 2532 memori
622 2477 688 2533 solet
696 2495 742 2533 nte
751 2476 858 2544 reterre,

175 2548 316 2603 barbariae
326 2558 396 2607 tutas
405 2551 561 2609 exhibuisse
569 2552 641 2620 vias3

67 2637 99 2684 ³5
125 2626 267 2708 sanguine
277 2627 436 2688 Bistonium
448 2627 861 2711 quonuoutspeteosx‘nensun„

158 2709 292 2772 effectum
304 2728 378 2770 eura
388 2708 514 2786 pectoris
525 2719 587 2759 ease
596 2707 658 2763 unu,

204 2910 309 2934 *ι
405 2909 407 2912 ⁴
