<?xml version="1.0" encoding="UTF-8"?>
<!DOCTYPE html PUBLIC "-//W3C//DTD XHTML 1.0 Transitional//EN"
    "http://www.w3.org/TR/xhtml1/DTD/xhtml1-transitional.dtd">
<html xmlns="http://www.w3.org/1999/xhtml" xml:lang="en" lang="en">
 <head>
  <title>
</title>
<meta http-equiv="Content-Type" content="text/html;charset=utf-8" />
  <meta name='ocr-system' content='tesseract 3.04.00' />
  <meta name='ocr-capabilities' content='ocr_page ocr_carea ocr_par ocr_line ocrx_word'/>
</head>
<body>
  <div class='ocr_page' id='page_1' title='image "./operaomnia00ovidgoog_0277.png"; bbox 0 0 1898 2970; ppageno 0'>
   <div class='ocr_carea' id='block_1_1' title="bbox 153 164 712 224">
    <p class='ocr_par' dir='ltr' id='par_1_1' title="bbox 153 164 712 224">
     <span class='ocr_line' id='line_1_1' title="bbox 153 164 712 224; baseline -0.02 0"><span class='ocrx_word' id='word_1_1' title='bbox 153 168 204 224; x_wconf 61' lang='lat' dir='ltr'>ddd</span> <span class='ocrx_word' id='word_1_2' title='bbox 343 168 373 216; x_wconf 87' lang='lat' dir='ltr'>P.</span> <span class='ocrx_word' id='word_1_3' title='bbox 395 169 524 217; x_wconf 80' lang='lat' dir='ltr'>ovum</span> <span class='ocrx_word' id='word_1_4' title='bbox 542 164 712 216; x_wconf 76' lang='lat' dir='ltr'>NASONIS</span> 
     </span>
    </p>
   </div>
   <div class='ocr_carea' id='block_1_2' title="bbox 100 269 914 2687">
    <p class='ocr_par' dir='ltr' id='par_1_2' title="bbox 100 269 883 1702">
     <span class='ocr_line' id='line_1_2' title="bbox 190 269 705 348; baseline -0.006 -19"><span class='ocrx_word' id='word_1_5' title='bbox 190 293 237 348; x_wconf 91' lang='lat' dir='ltr'>per</span> <span class='ocrx_word' id='word_1_6' title='bbox 247 271 349 329; x_wconf 85' lang='lat' dir='ltr'>medias</span> <span class='ocrx_word' id='word_1_7' title='bbox 360 271 476 347; x_wconf 82' lang='lat' dir='ltr'>legimus</span> <span class='ocrx_word' id='word_1_8' title='bbox 486 271 566 328; x_wconf 81' lang='lat' dir='ltr'>noxia</span> <span class='ocrx_word' id='word_1_9' title='bbox 574 270 625 326; x_wconf 83' lang='lat' dir='ltr'>tela</span> <span class='ocrx_word' id='word_1_10' title='bbox 635 269 705 327; x_wconf 83' lang='lat' dir='ltr'>vias.</span> 
     </span>
     <span class='ocr_line' id='line_1_3' title="bbox 154 344 836 425; baseline -0.009 -19"><span class='ocrx_word' id='word_1_11' title='bbox 154 349 293 425; x_wconf 83' lang='lat' dir='ltr'>Estigitur</span> <span class='ocrx_word' id='word_1_12' title='bbox 306 365 394 414; x_wconf 84' lang='lat' dir='ltr'>rarus,</span> <span class='ocrx_word' id='word_1_13' title='bbox 414 348 463 423; x_wconf 88' lang='lat' dir='ltr'>qui</span> <span class='ocrx_word' id='word_1_14' title='bbox 473 364 518 403; x_wconf 87' lang='lat' dir='ltr'>rus</span> <span class='ocrx_word' id='word_1_15' title='bbox 528 345 613 402; x_wconf 87' lang='lat' dir='ltr'>colere</span> <span class='ocrx_word' id='word_1_16' title='bbox 623 344 735 402; x_wconf 89' lang='lat' dir='ltr'>audeat:</span> <span class='ocrx_word' id='word_1_17' title='bbox 758 344 836 419; x_wconf 85' lang='lat' dir='ltr'>isque</span> 
     </span>
     <span class='ocr_line' id='line_1_4' title="bbox 192 422 768 489; baseline -0.005 -9"><span class='ocrx_word' id='word_1_18' title='bbox 192 428 241 480; x_wconf 89' lang='lat' dir='ltr'>hac</span> <span class='ocrx_word' id='word_1_19' title='bbox 251 433 308 479; x_wconf 86' lang='lat' dir='ltr'>arat</span> <span class='ocrx_word' id='word_1_20' title='bbox 321 423 424 489; x_wconf 81' lang='lat' dir='ltr'>infelix,</span> <span class='ocrx_word' id='word_1_21' title='bbox 445 422 494 477; x_wconf 89' lang='lat' dir='ltr'>hac</span> <span class='ocrx_word' id='word_1_22' title='bbox 506 428 577 477; x_wconf 86' lang='lat' dir='ltr'>tenet</span> <span class='ocrx_word' id='word_1_23' title='bbox 586 438 660 476; x_wconf 87' lang='lat' dir='ltr'>arma</span> <span class='ocrx_word' id='word_1_24' title='bbox 672 439 768 477; x_wconf 89' lang='lat' dir='ltr'>mauu.</span> 
     </span>
     <span class='ocr_line' id='line_1_5' title="bbox 100 496 797 575; baseline -0.011 -16"><span class='ocrx_word' id='word_1_25' title='bbox 100 517 125 560; x_wconf 79' lang='lat'>25</span> <span class='ocrx_word' id='word_1_26' title='bbox 154 502 211 557; x_wconf 77' lang='lat' dir='ltr'>Sul)</span> <span class='ocrx_word' id='word_1_27' title='bbox 220 499 295 575; x_wconf 80' lang='lat' dir='ltr'>galea</span> <span class='ocrx_word' id='word_1_28' title='bbox 305 507 396 573; x_wconf 82' lang='lat' dir='ltr'>paster</span> <span class='ocrx_word' id='word_1_29' title='bbox 405 497 503 553; x_wconf 89' lang='lat' dir='ltr'>iunctis</span> <span class='ocrx_word' id='word_1_30' title='bbox 513 498 572 570; x_wconf 84' lang='lat' dir='ltr'>pice</span> <span class='ocrx_word' id='word_1_31' title='bbox 584 504 674 552; x_wconf 88' lang='lat' dir='ltr'>cantat</span> <span class='ocrx_word' id='word_1_32' title='bbox 687 496 797 567; x_wconf 88' lang='lat' dir='ltr'>avenis;</span> 
     </span>
     <span class='ocr_line' id='line_1_6' title="bbox 193 571 792 649; baseline -0.005 -18"><span class='ocrx_word' id='word_1_33' title='bbox 193 592 296 649; x_wconf 81' lang='lat' dir='ltr'>proque</span> <span class='ocrx_word' id='word_1_34' title='bbox 305 574 369 647; x_wconf 89' lang='lat' dir='ltr'>lupo</span> <span class='ocrx_word' id='word_1_35' title='bbox 379 571 490 645; x_wconf 78' lang='lat' dir='ltr'>pavidae</span> <span class='ocrx_word' id='word_1_36' title='bbox 500 572 569 628; x_wconf 90' lang='lat' dir='ltr'>bella</span> <span class='ocrx_word' id='word_1_37' title='bbox 581 579 707 628; x_wconf 85' lang='lat' dir='ltr'>verentur</span> <span class='ocrx_word' id='word_1_38' title='bbox 716 590 792 629; x_wconf 87' lang='lat' dir='ltr'>oves.</span> 
     </span>
     <span class='ocr_line' id='line_1_7' title="bbox 155 647 808 724; baseline -0.008 -16"><span class='ocrx_word' id='word_1_39' title='bbox 155 655 208 709; x_wconf 86' lang='lat' dir='ltr'>Vix</span> <span class='ocrx_word' id='word_1_40' title='bbox 218 669 268 724; x_wconf 88' lang='lat' dir='ltr'>ope</span> <span class='ocrx_word' id='word_1_41' title='bbox 277 649 376 707; x_wconf 77' lang='lat' dir='ltr'>castelli</span> <span class='ocrx_word' id='word_1_42' title='bbox 388 647 570 704; x_wconf 87' lang='lat' dir='ltr'>delendimur:</span> <span class='ocrx_word' id='word_1_43' title='bbox 592 656 618 703; x_wconf 87' lang='lat' dir='ltr'>et</span> <span class='ocrx_word' id='word_1_44' title='bbox 630 655 721 703; x_wconf 86' lang='lat' dir='ltr'>tamen</span> <span class='ocrx_word' id='word_1_45' title='bbox 732 648 808 704; x_wconf 87' lang='lat' dir='ltr'>intus</span> 
     </span>
     <span class='ocr_line' id='line_1_8' title="bbox 194 723 785 783; baseline -0.005 0"><span class='ocrx_word' id='word_1_46' title='bbox 194 728 273 783; x_wconf 86' lang='lat' dir='ltr'>mista</span> <span class='ocrx_word' id='word_1_47' title='bbox 283 725 345 782; x_wconf 85' lang='lat' dir='ltr'>lacit</span> <span class='ocrx_word' id='word_1_48' title='bbox 355 723 444 780; x_wconf 81' lang='lat' dir='ltr'>Graiis</span> <span class='ocrx_word' id='word_1_49' title='bbox 453 723 567 779; x_wconf 88' lang='lat' dir='ltr'>barbara</span> <span class='ocrx_word' id='word_1_50' title='bbox 580 723 659 779; x_wconf 88' lang='lat' dir='ltr'>turba</span> <span class='ocrx_word' id='word_1_51' title='bbox 669 731 785 781; x_wconf 89' lang='lat' dir='ltr'>metum.</span> 
     </span>
     <span class='ocr_line' id='line_1_9' title="bbox 156 798 809 877; baseline -0.006 -18"><span class='ocrx_word' id='word_1_52' title='bbox 156 804 262 877; x_wconf 86' lang='lat' dir='ltr'>Quippe</span> <span class='ocrx_word' id='word_1_53' title='bbox 272 798 354 857; x_wconf 89' lang='lat' dir='ltr'>simul</span> <span class='ocrx_word' id='word_1_54' title='bbox 365 798 443 854; x_wconf 89' lang='lat' dir='ltr'>uobis</span> <span class='ocrx_word' id='word_1_55' title='bbox 453 798 555 853; x_wconf 86' lang='lat' dir='ltr'>habitat</span> <span class='ocrx_word' id='word_1_56' title='bbox 564 798 721 855; x_wconf 90' lang='lat' dir='ltr'>discrimine</span> <span class='ocrx_word' id='word_1_57' title='bbox 732 798 809 855; x_wconf 88' lang='lat' dir='ltr'>nullo</span> 
     </span>
     <span class='ocr_line' id='line_1_10' title="bbox 102 874 831 948; baseline -0.005 -12"><span class='ocrx_word' id='word_1_58' title='bbox 102 891 128 936; x_wconf 75' lang='lat' dir='ltr'>et</span> <span class='ocrx_word' id='word_1_59' title='bbox 195 878 338 945; x_wconf 79' lang='lat' dir='ltr'>barbarus3</span> <span class='ocrx_word' id='word_1_60' title='bbox 360 881 385 929; x_wconf 92' lang='lat' dir='ltr'>et</span> <span class='ocrx_word' id='word_1_61' title='bbox 397 874 457 929; x_wconf 86' lang='lat' dir='ltr'>tecti</span> <span class='ocrx_word' id='word_1_62' title='bbox 467 874 530 947; x_wconf 91' lang='lat' dir='ltr'>plus</span> <span class='ocrx_word' id='word_1_63' title='bbox 541 892 650 948; x_wconf 90' lang='lat' dir='ltr'>quoque</span> <span class='ocrx_word' id='word_1_64' title='bbox 660 882 736 947; x_wconf 85' lang='lat' dir='ltr'>parte</span> <span class='ocrx_word' id='word_1_65' title='bbox 749 882 831 933; x_wconf 83' lang='lat' dir='ltr'>tenet.</span> 
     </span>
     <span class='ocr_line' id='line_1_11' title="bbox 158 949 840 1022; baseline -0.004 -12"><span class='ocrx_word' id='word_1_66' title='bbox 158 955 241 1022; x_wconf 75' lang='lat' dir='ltr'>Quos,</span> <span class='ocrx_word' id='word_1_67' title='bbox 263 960 357 1009; x_wconf 89' lang='lat' dir='ltr'>utnon</span> <span class='ocrx_word' id='word_1_68' title='bbox 369 951 476 1016; x_wconf 81' lang='lat' dir='ltr'>timeas,</span> <span class='ocrx_word' id='word_1_69' title='bbox 497 950 586 1022; x_wconf 90' lang='lat' dir='ltr'>possis</span> <span class='ocrx_word' id='word_1_70' title='bbox 595 949 699 1016; x_wconf 86' lang='lat' dir='ltr'>odisse,</span> <span class='ocrx_word' id='word_1_71' title='bbox 721 951 840 1007; x_wconf 88' lang='lat' dir='ltr'>videndo</span> 
     </span>
     <span class='ocr_line' id='line_1_12' title="bbox 196 1026 730 1102; baseline -0.004 -19"><span class='ocrx_word' id='word_1_72' title='bbox 196 1028 313 1102; x_wconf 90' lang='lat' dir='ltr'>pellibus</span> <span class='ocrx_word' id='word_1_73' title='bbox 323 1035 349 1083; x_wconf 86' lang='lat' dir='ltr'>et</span> <span class='ocrx_word' id='word_1_74' title='bbox 359 1026 437 1101; x_wconf 84' lang='lat' dir='ltr'>longa</span> <span class='ocrx_word' id='word_1_75' title='bbox 448 1043 556 1097; x_wconf 88' lang='lat' dir='ltr'>corpora</span> <span class='ocrx_word' id='word_1_76' title='bbox 567 1033 632 1080; x_wconf 82' lang='lat' dir='ltr'>tecta</span> <span class='ocrx_word' id='word_1_77' title='bbox 643 1042 730 1081; x_wconf 88' lang='lat' dir='ltr'>coma.</span> 
     </span>
     <span class='ocr_line' id='line_1_13' title="bbox 157 1100 883 1177; baseline -0.006 -16"><span class='ocrx_word' id='word_1_78' title='bbox 157 1106 211 1162; x_wconf 87' lang='lat' dir='ltr'>Hes</span> <span class='ocrx_word' id='word_1_79' title='bbox 220 1121 338 1177; x_wconf 86' lang='lat' dir='ltr'>quoque,</span> <span class='ocrx_word' id='word_1_80' title='bbox 360 1103 408 1175; x_wconf 91' lang='lat' dir='ltr'>qui</span> <span class='ocrx_word' id='word_1_81' title='bbox 420 1101 503 1176; x_wconf 81' lang='lat' dir='ltr'>geniti</span> <span class='ocrx_word' id='word_1_82' title='bbox 514 1102 593 1158; x_wconf 87' lang='lat' dir='ltr'>Graia</span> <span class='ocrx_word' id='word_1_83' title='bbox 604 1100 752 1157; x_wconf 84' lang='lat' dir='ltr'>creduntur</span> <span class='ocrx_word' id='word_1_84' title='bbox 763 1102 797 1157; x_wconf 92' lang='lat' dir='ltr'>ab</span> <span class='ocrx_word' id='word_1_85' title='bbox 808 1101 883 1168; x_wconf 81' lang='lat' dir='ltr'>urbe,</span> 
     </span>
     <span class='ocr_line' id='line_1_14' title="bbox 195 1177 726 1252; baseline -0.004 -17"><span class='ocrx_word' id='word_1_86' title='bbox 195 1197 243 1251; x_wconf 91' lang='lat' dir='ltr'>pro</span> <span class='ocrx_word' id='word_1_87' title='bbox 254 1179 338 1251; x_wconf 87' lang='lat' dir='ltr'>patrio</span> <span class='ocrx_word' id='word_1_88' title='bbox 347 1177 422 1234; x_wconf 89' lang='lat' dir='ltr'>cultu</span> <span class='ocrx_word' id='word_1_89' title='bbox 432 1177 536 1233; x_wconf 89' lang='lat' dir='ltr'>Persica</span> <span class='ocrx_word' id='word_1_90' title='bbox 547 1177 641 1232; x_wconf 89' lang='lat' dir='ltr'>bracca</span> <span class='ocrx_word' id='word_1_91' title='bbox 649 1177 726 1252; x_wconf 79' lang='lat' dir='ltr'>tegit.</span> 
     </span>
     <span class='ocr_line' id='line_1_15' title="bbox 103 1250 735 1328; baseline -0.005 -16"><span class='ocrx_word' id='word_1_92' title='bbox 103 1267 130 1311; x_wconf 73' lang='grc'>35</span> <span class='ocrx_word' id='word_1_93' title='bbox 157 1255 288 1312; x_wconf 77' lang='lat' dir='ltr'><strong>Exercent</strong></span> <span class='ocrx_word' id='word_1_94' title='bbox 298 1253 337 1308; x_wconf 90' lang='lat' dir='ltr'>illi</span> <span class='ocrx_word' id='word_1_95' title='bbox 348 1253 436 1310; x_wconf 87' lang='lat' dir='ltr'>sociae</span> <span class='ocrx_word' id='word_1_96' title='bbox 444 1252 603 1309; x_wconf 87' lang='lat' dir='ltr'>commercia</span> <span class='ocrx_word' id='word_1_97' title='bbox 614 1250 735 1328; x_wconf 77' lang='lat' dir='ltr'>linguae.</span> 
     </span>
     <span class='ocr_line' id='line_1_16' title="bbox 195 1326 747 1405; baseline -0.002 -21"><span class='ocrx_word' id='word_1_98' title='bbox 195 1333 245 1386; x_wconf 88' lang='lat' dir='ltr'>Per</span> <span class='ocrx_word' id='word_1_99' title='bbox 256 1338 363 1405; x_wconf 79' lang='lat' dir='ltr'>gestum</span> <span class='ocrx_word' id='word_1_100' title='bbox 377 1347 418 1385; x_wconf 91' lang='lat' dir='ltr'>res</span> <span class='ocrx_word' id='word_1_101' title='bbox 428 1335 469 1384; x_wconf 86' lang='lat' dir='ltr'>est</span> <span class='ocrx_word' id='word_1_102' title='bbox 480 1326 657 1403; x_wconf 80' lang='lat' dir='ltr'>significanda</span> <span class='ocrx_word' id='word_1_103' title='bbox 667 1327 747 1385; x_wconf 90' lang='lat' dir='ltr'>mihi.</span> 
     </span>
     <span class='ocr_line' id='line_1_17' title="bbox 157 1402 861 1480; baseline -0.001 -19"><span class='ocrx_word' id='word_1_104' title='bbox 157 1406 290 1461; x_wconf 90' lang='lat' dir='ltr'>Barbarus</span> <span class='ocrx_word' id='word_1_105' title='bbox 301 1405 345 1458; x_wconf 90' lang='lat' dir='ltr'>hic</span> <span class='ocrx_word' id='word_1_106' title='bbox 387 1422 491 1470; x_wconf 84' lang='lat' dir='ltr'>osum,</span> <span class='ocrx_word' id='word_1_107' title='bbox 511 1404 575 1477; x_wconf 91' lang='lat' dir='ltr'>quia</span> <span class='ocrx_word' id='word_1_108' title='bbox 585 1403 787 1480; x_wconf 54' lang='lat' dir='ltr'>quutelligor</span> <span class='ocrx_word' id='word_1_109' title='bbox 796 1402 861 1461; x_wconf 90' lang='lat' dir='ltr'>ulli:</span> 
     </span>
     <span class='ocr_line' id='line_1_18' title="bbox 196 1478 718 1546; baseline -0.002 -11"><span class='ocrx_word' id='word_1_110' title='bbox 196 1489 221 1535; x_wconf 90' lang='lat' dir='ltr'>et</span> <span class='ocrx_word' id='word_1_111' title='bbox 230 1480 317 1534; x_wconf 81' lang='lat' dir='ltr'>rident</span> <span class='ocrx_word' id='word_1_112' title='bbox 327 1487 367 1533; x_wconf 85' lang='lat' dir='ltr'>sto</span> <span class='ocrx_word' id='word_1_113' title='bbox 379 1479 417 1533; x_wconf 88' lang='lat' dir='ltr'>idi</span> <span class='ocrx_word' id='word_1_114' title='bbox 427 1479 507 1535; x_wconf 89' lang='lat' dir='ltr'>verba</span> <span class='ocrx_word' id='word_1_115' title='bbox 518 1479 611 1537; x_wconf 85' lang='lat' dir='ltr'>Latina</span> <span class='ocrx_word' id='word_1_116' title='bbox 623 1478 718 1546; x_wconf 79' lang='lat' dir='ltr'>Getae3</span> 
     </span>
     <span class='ocr_line' id='line_1_19' title="bbox 160 1553 859 1629; baseline -0.004 -17"><span class='ocrx_word' id='word_1_117' title='bbox 160 1573 256 1629; x_wconf 85' lang='lat' dir='ltr'>meque</span> <span class='ocrx_word' id='word_1_118' title='bbox 265 1553 354 1627; x_wconf 85' lang='lat' dir='ltr'>palam</span> <span class='ocrx_word' id='word_1_119' title='bbox 364 1554 397 1608; x_wconf 88' lang='lat' dir='ltr'>de</span> <span class='ocrx_word' id='word_1_120' title='bbox 407 1570 450 1608; x_wconf 90' lang='lat' dir='ltr'>me</span> <span class='ocrx_word' id='word_1_121' title='bbox 460 1562 517 1610; x_wconf 87' lang='lat' dir='ltr'>tuto</span> <span class='ocrx_word' id='word_1_122' title='bbox 526 1553 597 1610; x_wconf 87' lang='lat' dir='ltr'>mala</span> <span class='ocrx_word' id='word_1_123' title='bbox 608 1570 686 1629; x_wconf 85' lang='lat' dir='ltr'>saepe</span> <span class='ocrx_word' id='word_1_124' title='bbox 696 1553 859 1628; x_wconf 81' lang='lat' dir='ltr'>loquuntur,</span> 
     </span>
     <span class='ocr_line' id='line_1_20' title="bbox 105 1629 731 1702; baseline -0.005 -14"><span class='ocrx_word' id='word_1_125' title='bbox 105 1641 130 1688; x_wconf 82' lang='lat' dir='ltr'>lu</span> <span class='ocrx_word' id='word_1_126' title='bbox 190 1631 306 1688; x_wconf 80' lang='lat' dir='ltr'>¹forsitan</span> <span class='ocrx_word' id='word_1_127' title='bbox 316 1629 448 1686; x_wconf 84' lang='lat' dir='ltr'>obiiciunt</span> <span class='ocrx_word' id='word_1_128' title='bbox 460 1629 643 1702; x_wconf 85' lang='lat' dir='ltr'>exsiliumque</span> <span class='ocrx_word' id='word_1_129' title='bbox 652 1630 731 1686; x_wconf 91' lang='lat' dir='ltr'>mihi.</span> 
     </span>
    </p>

    <p class='ocr_par' dir='ltr' id='par_1_3' title="bbox 161 1703 895 1933">
     <span class='ocr_line' id='line_1_21' title="bbox 162 1703 895 1785; baseline -0.008 -20"><span class='ocrx_word' id='word_1_130' title='bbox 162 1708 259 1785; x_wconf 86' lang='lat' dir='ltr'>[thue</span> <span class='ocrx_word' id='word_1_131' title='bbox 271 1706 315 1771; x_wconf 87' lang='lat' dir='ltr'>fit,</span> <span class='ocrx_word' id='word_1_132' title='bbox 336 1706 364 1761; x_wconf 93' lang='lat' dir='ltr'>iu</span> <span class='ocrx_word' id='word_1_133' title='bbox 376 1723 419 1761; x_wconf 87' lang='lat' dir='ltr'>me</span> <span class='ocrx_word' id='word_1_134' title='bbox 428 1703 542 1778; x_wconf 83' lang='lat' dir='ltr'>aliquid,</span> <span class='ocrx_word' id='word_1_135' title='bbox 563 1704 587 1759; x_wconf 89' lang='lat' dir='ltr'>si</span> <span class='ocrx_word' id='word_1_136' title='bbox 598 1704 665 1778; x_wconf 89' lang='lat' dir='ltr'>quid</span> <span class='ocrx_word' id='word_1_137' title='bbox 674 1704 828 1762; x_wconf 79' lang='lat' dir='ltr'>dicentibus</span> <span class='ocrx_word' id='word_1_138' title='bbox 842 1705 895 1760; x_wconf 91' lang='lat' dir='ltr'>illis</span> 
     </span>
     <span class='ocr_line' id='line_1_22' title="bbox 197 1779 811 1870; baseline -0.005 -30"><span class='ocrx_word' id='word_1_139' title='bbox 197 1779 338 1840; x_wconf 87' lang='lat' dir='ltr'>abnuerim</span> <span class='ocrx_word' id='word_1_140' title='bbox 348 1781 453 1870; x_wconf 83' lang='lat' dir='ltr'>quoties</span> <span class='ocrx_word' id='word_1_141' title='bbox 463 1781 670 1855; x_wconf 84' lang='lat' dir='ltr'>annuerimqpe‚</span> <span class='ocrx_word' id='word_1_142' title='bbox 690 1779 811 1858; x_wconf 79' lang='lat' dir='ltr'>putant]</span> 
     </span>
     <span class='ocr_line' id='line_1_23' title="bbox 161 1856 838 1933; baseline -0.003 -18"><span class='ocrx_word' id='word_1_143' title='bbox 161 1860 250 1926; x_wconf 79' lang='lat' dir='ltr'>Adde,</span> <span class='ocrx_word' id='word_1_144' title='bbox 271 1859 344 1932; x_wconf 87' lang='lat' dir='ltr'>quod</span> <span class='ocrx_word' id='word_1_145' title='bbox 354 1858 488 1915; x_wconf 80' lang='lat' dir='ltr'>iniustum</span> <span class='ocrx_word' id='word_1_146' title='bbox 499 1856 586 1933; x_wconf 82' lang='lat' dir='ltr'>rigido</span> <span class='ocrx_word' id='word_1_147' title='bbox 595 1856 639 1914; x_wconf 92' lang='lat' dir='ltr'>ius</span> <span class='ocrx_word' id='word_1_148' title='bbox 650 1856 748 1912; x_wconf 88' lang='lat' dir='ltr'>dicitur</span> <span class='ocrx_word' id='word_1_149' title='bbox 758 1875 838 1913; x_wconf 87' lang='lat' dir='ltr'>ense:</span> 
     </span>
    </p>

    <p class='ocr_par' dir='ltr' id='par_1_4' title="bbox 106 1930 914 2687">
     <span class='ocr_line' id='line_1_24' title="bbox 198 1930 751 2005; baseline -0.007 -15"><span class='ocrx_word' id='word_1_150' title='bbox 198 1936 295 1991; x_wconf 86' lang='lat' dir='ltr'>dantur</span> <span class='ocrx_word' id='word_1_151' title='bbox 305 1942 331 1988; x_wconf 89' lang='lat' dir='ltr'>et</span> <span class='ocrx_word' id='word_1_152' title='bbox 340 1935 368 1990; x_wconf 91' lang='lat' dir='ltr'>iu</span> <span class='ocrx_word' id='word_1_153' title='bbox 379 1934 466 1990; x_wconf 89' lang='lat' dir='ltr'>medio</span> <span class='ocrx_word' id='word_1_154' title='bbox 475 1932 587 1990; x_wconf 83' lang='lat' dir='ltr'>vulnera</span> <span class='ocrx_word' id='word_1_155' title='bbox 597 1950 675 2005; x_wconf 83' lang='lat' dir='ltr'>saepe</span> <span class='ocrx_word' id='word_1_156' title='bbox 684 1930 751 1988; x_wconf 89' lang='lat' dir='ltr'>loro.</span> 
     </span>
     <span class='ocr_line' id='line_1_25' title="bbox 106 2007 896 2083; baseline -0.001 -19"><span class='ocrx_word' id='word_1_157' title='bbox 106 2023 131 2065; x_wconf 76' lang='lat' dir='ltr'>lt</span> <span class='ocrx_word' id='word_1_158' title='bbox 160 2011 288 2066; x_wconf 85' lang='lat' dir='ltr'>Oduram</span> <span class='ocrx_word' id='word_1_159' title='bbox 298 2009 444 2074; x_wconf 85' lang='lat' dir='ltr'>Lachesin,</span> <span class='ocrx_word' id='word_1_160' title='bbox 465 2027 535 2082; x_wconf 89' lang='lat' dir='ltr'>quae</span> <span class='ocrx_word' id='word_1_161' title='bbox 544 2017 598 2065; x_wconf 89' lang='lat' dir='ltr'>tam</span> <span class='ocrx_word' id='word_1_162' title='bbox 607 2025 689 2083; x_wconf 83' lang='lat' dir='ltr'>grave</span> <span class='ocrx_word' id='word_1_163' title='bbox 698 2007 775 2063; x_wconf 86' lang='lat' dir='ltr'>sidus</span> <span class='ocrx_word' id='word_1_164' title='bbox 786 2008 896 2065; x_wconf 89' lang='lat' dir='ltr'>habenti</span> 
     </span>
     <span class='ocr_line' id='line_1_26' title="bbox 198 2084 694 2143; baseline -0.004 -3"><span class='ocrx_word' id='word_1_165' title='bbox 198 2085 242 2141; x_wconf 88' lang='lat' dir='ltr'>lila</span> <span class='ocrx_word' id='word_1_166' title='bbox 252 2085 324 2141; x_wconf 86' lang='lat' dir='ltr'>dedit</span> <span class='ocrx_word' id='word_1_167' title='bbox 333 2085 403 2141; x_wconf 86' lang='lat' dir='ltr'>vitae</span> <span class='ocrx_word' id='word_1_168' title='bbox 412 2102 466 2140; x_wconf 89' lang='lat' dir='ltr'>nen</span> <span class='ocrx_word' id='word_1_169' title='bbox 474 2085 596 2143; x_wconf 84' lang='lat' dir='ltr'>breviora</span> <span class='ocrx_word' id='word_1_170' title='bbox 606 2084 694 2139; x_wconf 87' lang='lat' dir='ltr'>meae!</span> 
     </span>
     <span class='ocr_line' id='line_1_27' title="bbox 161 2158 858 2233; baseline -0.003 -18"><span class='ocrx_word' id='word_1_171' title='bbox 161 2160 238 2226; x_wconf 84' lang='lat' dir='ltr'>Quod</span> <span class='ocrx_word' id='word_1_172' title='bbox 247 2160 347 2233; x_wconf 82' lang='lat' dir='ltr'>patriae</span> <span class='ocrx_word' id='word_1_173' title='bbox 357 2158 450 2228; x_wconf 81' lang='lat' dir='ltr'>vultu,</span> <span class='ocrx_word' id='word_1_174' title='bbox 471 2169 613 2233; x_wconf 87' lang='lat' dir='ltr'>vestroque</span> <span class='ocrx_word' id='word_1_175' title='bbox 623 2176 745 2214; x_wconf 86' lang='lat' dir='ltr'>caremus</span> <span class='ocrx_word' id='word_1_176' title='bbox 759 2160 858 2228; x_wconf 81' lang='lat' dir='ltr'>amici3</span> 
     </span>
     <span class='ocr_line' id='line_1_28' title="bbox 198 2234 829 2312; baseline 0.003 -23"><span class='ocrx_word' id='word_1_177' title='bbox 198 2237 271 2307; x_wconf 92' lang='lat' dir='ltr'>quod</span> <span class='ocrx_word' id='word_1_178' title='bbox 280 2238 319 2292; x_wconf 92' lang='lat' dir='ltr'>sic</span> <span class='ocrx_word' id='word_1_179' title='bbox 328 2237 357 2292; x_wconf 92' lang='lat' dir='ltr'>iu</span> <span class='ocrx_word' id='word_1_180' title='bbox 367 2234 501 2311; x_wconf 84' lang='lat' dir='ltr'>Scythicis</span> <span class='ocrx_word' id='word_1_181' title='bbox 509 2236 636 2312; x_wconf 84' lang='lat' dir='ltr'>gentibus</span> <span class='ocrx_word' id='word_1_182' title='bbox 647 2252 705 2290; x_wconf 89' lang='lat' dir='ltr'>esse</span> <span class='ocrx_word' id='word_1_183' title='bbox 715 2252 829 2307; x_wconf 86' lang='lat' dir='ltr'>querer;</span> 
     </span>
     <span class='ocr_line' id='line_1_29' title="bbox 161 2309 912 2399; baseline 0.007 -38"><span class='ocrx_word' id='word_1_184' title='bbox 161 2309 284 2381; x_wconf 86' lang='lat' dir='ltr'>(utraque</span> <span class='ocrx_word' id='word_1_185' title='bbox 294 2329 379 2383; x_wconf 85' lang='lat' dir='ltr'>poena</span> <span class='ocrx_word' id='word_1_186' title='bbox 389 2312 481 2399; x_wconf 75' lang='lat' dir='ltr'>gravis</span> <span class='ocrx_word' id='word_1_187' title='bbox 489 2311 508 2386; x_wconf 85' lang='grc'>;)</span> <span class='ocrx_word' id='word_1_188' title='bbox 527 2311 613 2369; x_wconf 89' lang='lat' dir='ltr'>merui</span> <span class='ocrx_word' id='word_1_189' title='bbox 627 2318 717 2367; x_wconf 83' lang='lat' dir='ltr'>tamen</span> <span class='ocrx_word' id='word_1_190' title='bbox 727 2310 800 2377; x_wconf 88' lang='lat' dir='ltr'>Urbe</span> <span class='ocrx_word' id='word_1_191' title='bbox 810 2327 912 2377; x_wconf 86' lang='lat' dir='ltr'>carere;</span> 
     </span>
     <span class='ocr_line' id='line_1_30' title="bbox 108 2384 672 2443; baseline 0.009 -7"><span class='ocrx_word' id='word_1_192' title='bbox 108 2395 132 2436; x_wconf 71' lang='lat' dir='ltr'>su</span> <span class='ocrx_word' id='word_1_193' title='bbox 199 2402 252 2439; x_wconf 87' lang='lat' dir='ltr'>non</span> <span class='ocrx_word' id='word_1_194' title='bbox 263 2387 349 2442; x_wconf 89' lang='lat' dir='ltr'>merui</span> <span class='ocrx_word' id='word_1_195' title='bbox 360 2387 406 2441; x_wconf 86' lang='lat' dir='ltr'>tali</span> <span class='ocrx_word' id='word_1_196' title='bbox 417 2385 526 2442; x_wconf 85' lang='lat' dir='ltr'>lorsitau</span> <span class='ocrx_word' id='word_1_197' title='bbox 538 2404 596 2443; x_wconf 88' lang='lat' dir='ltr'>esse</span> <span class='ocrx_word' id='word_1_198' title='bbox 606 2384 672 2443; x_wconf 85' lang='lat' dir='ltr'>loco.</span> 
     </span>
     <span class='ocr_line' id='line_1_31' title="bbox 161 2457 914 2536; baseline 0.005 -24"><span class='ocrx_word' id='word_1_199' title='bbox 161 2457 233 2524; x_wconf 89' lang='lat' dir='ltr'>Quid</span> <span class='ocrx_word' id='word_1_200' title='bbox 247 2457 342 2531; x_wconf 86' lang='lat' dir='ltr'>loquor</span> <span class='ocrx_word' id='word_1_201' title='bbox 360 2462 395 2517; x_wconf 91' lang='lat' dir='ltr'>ah</span> <span class='ocrx_word' id='word_1_202' title='bbox 409 2460 538 2517; x_wconf 85' lang='lat' dir='ltr'>dameus‘?</span> <span class='ocrx_word' id='word_1_203' title='bbox 569 2463 658 2536; x_wconf 87' lang='lat' dir='ltr'>Ipsam</span> <span class='ocrx_word' id='word_1_204' title='bbox 678 2477 788 2535; x_wconf 89' lang='lat' dir='ltr'>quoque</span> <span class='ocrx_word' id='word_1_205' title='bbox 805 2460 914 2535; x_wconf 83' lang='lat' dir='ltr'>perdere</span> 
     </span>
     <span class='ocr_line' id='line_1_32' title="bbox 271 2537 727 2593; baseline -0.009 2"><span class='ocrx_word' id='word_1_206' title='bbox 271 2570 272 2575; x_wconf 64' lang='lat'><em>=</em></span> <span class='ocrx_word' id='word_1_207' title='bbox 643 2537 727 2593; x_wconf 87' lang='lat' dir='ltr'>vitam</span> 
     </span>
     <span class='ocr_line' id='line_1_33' title="bbox 200 2606 756 2687; baseline 0.005 -24"><span class='ocrx_word' id='word_1_208' title='bbox 200 2606 756 2687; x_wconf 80' lang='lat' dir='ltr'>Caesarisoffeusonumiuedignuseram.</span> 
     </span>
    </p>
   </div>
   <div class='ocr_carea' id='block_1_3' title="bbox 0 0 965 2970">
    <p class='ocr_par' dir='ltr' id='par_1_5' title="bbox 0 0 965 2970">
     <span class='ocr_line' id='line_1_34' title="bbox 0 0 965 2970; baseline 0 0"><span class='ocrx_word' id='word_1_209' title='bbox 0 0 965 2970; x_wconf 95' lang='lat' dir='ltr'> </span> 
     </span>
    </p>
   </div>
  </div>
 </body>
</html>
