<?xml version="1.0" encoding="UTF-8"?>
<!DOCTYPE html PUBLIC "-//W3C//DTD XHTML 1.0 Transitional//EN"
    "http://www.w3.org/TR/xhtml1/DTD/xhtml1-transitional.dtd">
<html xmlns="http://www.w3.org/1999/xhtml" xml:lang="en" lang="en">
 <head>
  <title>
</title>
<meta http-equiv="Content-Type" content="text/html;charset=utf-8" />
  <meta name='ocr-system' content='tesseract 3.04.00' />
  <meta name='ocr-capabilities' content='ocr_page ocr_carea ocr_par ocr_line ocrx_word'/>
</head>
<body>
  <div class='ocr_page' id='page_1' title='image "./operaomnia00ovidgoog_0028.png"; bbox 0 0 1898 2970; ppageno 0'>
   <div class='ocr_carea' id='block_1_1' title="bbox 259 172 804 232">
    <p class='ocr_par' dir='ltr' id='par_1_1' title="bbox 259 172 804 232">
     <span class='ocr_line' id='line_1_1' title="bbox 259 172 804 232; baseline 0.007 -4"><span class='ocrx_word' id='word_1_1' title='bbox 259 178 471 230; x_wconf 62' lang='lat' dir='ltr'><strong>rhenonum</strong></span> <span class='ocrx_word' id='word_1_2' title='bbox 488 180 557 229; x_wconf 78' lang='lat' dir='ltr'><strong>ma.</strong></span> <span class='ocrx_word' id='word_1_3' title='bbox 578 172 598 229; x_wconf 87' lang='lat'><strong>1.&#39;</strong></span> <span class='ocrx_word' id='word_1_4' title='bbox 773 182 804 232; x_wconf 71' lang='lat'><strong>15</strong></span> 
     </span>
    </p>
   </div>
   <div class='ocr_carea' id='block_1_2' title="bbox 53 280 912 2009">
    <p class='ocr_par' dir='ltr' id='par_1_2' title="bbox 56 280 783 415">
     <span class='ocr_line' id='line_1_2' title="bbox 56 280 783 358; baseline 0.006 -20"><span class='ocrx_word' id='word_1_5' title='bbox 56 280 183 349; x_wconf 68' lang='lat' dir='ltr'><strong>hidam,</strong></span> <span class='ocrx_word' id='word_1_6' title='bbox 202 281 656 356; x_wconf 73' lang='lat' dir='ltr'><strong>obmoenanimiumquoqneparte</strong></span> <span class='ocrx_word' id='word_1_7' title='bbox 665 293 783 358; x_wconf 76' lang='lat' dir='ltr'><strong>paratus,</strong></span> 
     </span>
     <span class='ocr_line' id='line_1_3' title="bbox 95 357 635 415; baseline 0 0"><span class='ocrx_word' id='word_1_8' title='bbox 95 358 222 415; x_wconf 85' lang='lat' dir='ltr'><strong>omnihus</strong></span> <span class='ocrx_word' id='word_1_9' title='bbox 232 359 266 414; x_wconf 90' lang='lat' dir='ltr'><strong>ad</strong></span> <span class='ocrx_word' id='word_1_10' title='bbox 275 359 367 414; x_wconf 86' lang='lat' dir='ltr'><strong>Lunae</strong></span> <span class='ocrx_word' id='word_1_11' title='bbox 376 357 479 414; x_wconf 85' lang='lat' dir='ltr'><strong>lumina</strong></span> <span class='ocrx_word' id='word_1_12' title='bbox 489 358 561 413; x_wconf 79' lang='lat' dir='ltr'><strong>risus</strong></span> <span class='ocrx_word' id='word_1_13' title='bbox 570 366 635 415; x_wconf 79' lang='lat' dir='ltr'><strong>erat.</strong></span> 
     </span>
    </p>

    <p class='ocr_par' dir='ltr' id='par_1_3' title="bbox 57 432 859 582">
     <span class='ocr_line' id='line_1_4' title="bbox 57 432 747 507; baseline 0.001 -19"><span class='ocrx_word' id='word_1_14' title='bbox 57 433 220 490; x_wconf 73' lang='lat' dir='ltr'><strong>Mortedadit</strong></span> <span class='ocrx_word' id='word_1_15' title='bbox 229 450 329 507; x_wconf 77' lang='lat' dir='ltr'><strong>poenm</strong></span> <span class='ocrx_word' id='word_1_16' title='bbox 339 440 429 490; x_wconf 77' lang='lat' dir='ltr'><strong>auctor</strong></span> <span class='ocrx_word' id='word_1_17' title='bbox 440 432 578 489; x_wconf 79' lang='lat' dir='ltr'><strong>clamoris:</strong></span> <span class='ocrx_word' id='word_1_18' title='bbox 599 443 625 490; x_wconf 84' lang='lat' dir='ltr'><strong>et</strong></span> <span class='ocrx_word' id='word_1_19' title='bbox 633 435 699 491; x_wconf 85' lang='lat' dir='ltr'><strong>haec</strong></span> <span class='ocrx_word' id='word_1_20' title='bbox 707 443 747 491; x_wconf 82' lang='lat' dir='ltr'><strong>est</strong></span> 
     </span>
     <span class='ocr_line' id='line_1_5' title="bbox 95 507 859 582; baseline 0.004 -18"><span class='ocrx_word' id='word_1_21' title='bbox 95 507 305 582; x_wconf 76' lang='lat' dir='ltr'><strong>hellespontiam</strong></span> <span class='ocrx_word' id='word_1_22' title='bbox 313 509 422 565; x_wconf 76' lang='lat' dir='ltr'><strong>viotima</strong></span> <span class='ocrx_word' id='word_1_23' title='bbox 431 526 505 564; x_wconf 84' lang='lat' dir='ltr'><strong>sacra</strong></span> <span class='ocrx_word' id='word_1_24' title='bbox 514 508 574 564; x_wconf 86' lang='lat' dir='ltr'><strong>deo.</strong></span> <span class='ocrx_word' id='word_1_25' title='bbox 821 521 859 567; x_wconf 70' lang='lat' dir='ltr'><strong>iae</strong></span> 
     </span>
    </p>

    <p class='ocr_par' dir='ltr' id='par_1_4' title="bbox 56 582 661 734">
     <span class='ocr_line' id='line_1_6' title="bbox 56 582 576 651; baseline -0.002 -12"><span class='ocrx_word' id='word_1_26' title='bbox 56 584 171 641; x_wconf 67' lang='lat' dir='ltr'><strong>latrone</strong></span> <span class='ocrx_word' id='word_1_27' title='bbox 180 583 290 641; x_wconf 83' lang='lat' dir='ltr'><strong>fueratis</strong></span> <span class='ocrx_word' id='word_1_28' title='bbox 300 601 372 650; x_wconf 81' lang='lat' dir='ltr'><strong>aves,</strong></span> <span class='ocrx_word' id='word_1_29' title='bbox 392 582 576 651; x_wconf 72' lang='lat' dir='ltr'><strong>aolafiarnris,</strong></span> 
     </span>
     <span class='ocr_line' id='line_1_7' title="bbox 96 659 661 734; baseline -0.002 -19"><span class='ocrx_word' id='word_1_30' title='bbox 96 659 330 726; x_wconf 81' lang='lat' dir='ltr'><strong>assuetumsilvis‚</strong></span> <span class='ocrx_word' id='word_1_31' title='bbox 351 660 553 732; x_wconf 79' lang='lat' dir='ltr'><strong>innocuumque</strong></span> <span class='ocrx_word' id='word_1_32' title='bbox 560 675 661 734; x_wconf 60' lang='lat' dir='ltr'><strong>genum</strong></span> 
     </span>
    </p>

    <p class='ocr_par' dir='ltr' id='par_1_5' title="bbox 55 733 692 867">
     <span class='ocr_line' id='line_1_8' title="bbox 55 733 692 807; baseline -0.002 -17"><span class='ocrx_word' id='word_1_33' title='bbox 55 752 127 807; x_wconf 86' lang='lat' dir='ltr'><strong>qaae</strong></span> <span class='ocrx_word' id='word_1_34' title='bbox 136 733 221 791; x_wconf 81' lang='lat' dir='ltr'><strong>facitis</strong></span> <span class='ocrx_word' id='word_1_35' title='bbox 232 735 319 801; x_wconf 80' lang='lat' dir='ltr'><strong>nidos,</strong></span> <span class='ocrx_word' id='word_1_36' title='bbox 340 749 410 807; x_wconf 79' lang='lat' dir='ltr'><strong>quae</strong></span> <span class='ocrx_word' id='word_1_37' title='bbox 418 734 519 806; x_wconf 86' lang='lat' dir='ltr'><strong>plumis</strong></span> <span class='ocrx_word' id='word_1_38' title='bbox 528 752 578 791; x_wconf 84' lang='lat' dir='ltr'><strong>ova</strong></span> <span class='ocrx_word' id='word_1_39' title='bbox 589 733 692 801; x_wconf 82' lang='lat' dir='ltr'><strong>foratis,</strong></span> 
     </span>
     <span class='ocr_line' id='line_1_9' title="bbox 96 809 545 867; baseline -0.004 -1"><span class='ocrx_word' id='word_1_40' title='bbox 96 809 305 866; x_wconf 75' lang='lat' dir='ltr'><strong>etfacilidnloeo</strong></span> <span class='ocrx_word' id='word_1_41' title='bbox 315 809 446 866; x_wconf 82' lang='lat' dir='ltr'><strong>editiaora</strong></span> <span class='ocrx_word' id='word_1_42' title='bbox 455 827 545 867; x_wconf 83' lang='lat' dir='ltr'><strong>aonoa.</strong></span> 
     </span>
    </p>

    <p class='ocr_par' dir='ltr' id='par_1_6' title="bbox 55 884 858 1032">
     <span class='ocr_line' id='line_1_10' title="bbox 55 884 858 959; baseline 0.004 -21"><span class='ocrx_word' id='word_1_43' title='bbox 55 884 107 940; x_wconf 85' lang='lat' dir='ltr'><strong>Sed</strong></span> <span class='ocrx_word' id='word_1_44' title='bbox 117 885 184 941; x_wconf 83' lang='lat' dir='ltr'><strong>nihil</strong></span> <span class='ocrx_word' id='word_1_45' title='bbox 196 886 247 940; x_wconf 84' lang='lat' dir='ltr'><strong>ista</strong></span> <span class='ocrx_word' id='word_1_46' title='bbox 257 885 360 950; x_wconf 83' lang='lat' dir='ltr'><strong>iuvant,</strong></span> <span class='ocrx_word' id='word_1_47' title='bbox 380 885 445 957; x_wconf 86' lang='lat' dir='ltr'><strong>quia</strong></span> <span class='ocrx_word' id='word_1_48' title='bbox 455 885 564 959; x_wconf 79' lang='lat' dir='ltr'><strong>linguae</strong></span> <span class='ocrx_word' id='word_1_49' title='bbox 573 884 674 941; x_wconf 84' lang='lat' dir='ltr'><strong>crimen</strong></span> <span class='ocrx_word' id='word_1_50' title='bbox 685 885 797 952; x_wconf 80' lang='lat' dir='ltr'><strong>hahetis,</strong></span> <span class='ocrx_word' id='word_1_51' title='bbox 820 896 858 942; x_wconf 62' lang='lat'><strong>445</strong></span> 
     </span>
     <span class='ocr_line' id='line_1_11' title="bbox 92 959 643 1032; baseline 0.002 -18"><span class='ocrx_word' id='word_1_52' title='bbox 92 959 176 1032; x_wconf 77' lang='lat' dir='ltr'><strong>dique</strong></span> <span class='ocrx_word' id='word_1_53' title='bbox 185 967 281 1032; x_wconf 81' lang='lat' dir='ltr'><strong>putant</strong></span> <span class='ocrx_word' id='word_1_54' title='bbox 290 967 393 1014; x_wconf 81' lang='lat' dir='ltr'><strong>mentes</strong></span> <span class='ocrx_word' id='word_1_55' title='bbox 402 968 451 1015; x_wconf 79' lang='lat' dir='ltr'><strong>vos</strong></span> <span class='ocrx_word' id='word_1_56' title='bbox 461 961 643 1031; x_wconf 84' lang='lat' dir='ltr'><strong>aperireauae.</strong></span> 
     </span>
    </p>

    <p class='ocr_par' dir='ltr' id='par_1_7' title="bbox 55 1032 805 1111">
     <span class='ocr_line' id='line_1_12' title="bbox 55 1032 805 1111; baseline 0 -20"><span class='ocrx_word' id='word_1_57' title='bbox 55 1033 120 1111; x_wconf 86' lang='lat' dir='ltr'><strong>[Neo</strong></span> <span class='ocrx_word' id='word_1_58' title='bbox 129 1032 376 1091; x_wconf 78' lang='lat' dir='ltr'><strong>tamenidiaisum.</strong></span> <span class='ocrx_word' id='word_1_59' title='bbox 398 1033 482 1101; x_wconf 85' lang='lat' dir='ltr'><strong>Nam,</strong></span> <span class='ocrx_word' id='word_1_60' title='bbox 499 1035 541 1089; x_wconf 84' lang='lat' dir='ltr'><strong>dis</strong></span> <span class='ocrx_word' id='word_1_61' title='bbox 552 1042 582 1089; x_wconf 84' lang='lat' dir='ltr'><strong>nt</strong></span> <span class='ocrx_word' id='word_1_62' title='bbox 590 1036 713 1108; x_wconf 88' lang='lat' dir='ltr'><strong>proxima</strong></span> <span class='ocrx_word' id='word_1_63' title='bbox 723 1053 805 1108; x_wconf 83' lang='lat' dir='ltr'><strong>quae-</strong></span> 
     </span>
    </p>

    <p class='ocr_par' dir='ltr' id='par_1_8' title="bbox 570 1119 661 1175">
     <span class='ocr_line' id='line_1_13' title="bbox 570 1119 661 1175; baseline 0 -9"><span class='ocrx_word' id='word_1_64' title='bbox 570 1119 661 1175; x_wconf 82' lang='lat' dir='ltr'><strong>uaest,</strong></span> 
     </span>
    </p>

    <p class='ocr_par' dir='ltr' id='par_1_9' title="bbox 92 1127 691 1262">
     <span class='ocr_line' id='line_1_14' title="bbox 92 1127 691 1262; baseline 0.005 -22"><span class='ocrx_word' id='word_1_65' title='bbox 92 1200 261 1257; x_wconf 84' lang='lat' dir='ltr'><strong>nunepenna</strong></span> <span class='ocrx_word' id='word_1_66' title='bbox 273 1201 358 1250; x_wconf 82' lang='lat' dir='ltr'><strong>veras,</strong></span> <span class='ocrx_word' id='word_1_67' title='bbox 380 1203 452 1241; x_wconf 87' lang='lat' dir='ltr'><strong>nuno</strong></span> <span class='ocrx_word' id='word_1_68' title='bbox 461 1185 530 1240; x_wconf 79' lang='lat' dir='ltr'><strong>datis</strong></span> <span class='ocrx_word' id='word_1_69' title='bbox 540 1127 585 1241; x_wconf 56' lang='lat' dir='ltr'><strong>ohe</strong></span> <span class='ocrx_word' id='word_1_70' title='bbox 595 1185 691 1262; x_wconf 70' lang='lat' dir='ltr'><strong>notae]</strong></span> 
     </span>
    </p>

    <p class='ocr_par' dir='ltr' id='par_1_10' title="bbox 53 1257 859 1406">
     <span class='ocr_line' id='line_1_15' title="bbox 53 1257 791 1334; baseline 0.005 -20"><span class='ocrx_word' id='word_1_71' title='bbox 53 1261 121 1316; x_wconf 82' lang='lat' dir='ltr'><strong>Tuta</strong></span> <span class='ocrx_word' id='word_1_72' title='bbox 133 1259 180 1314; x_wconf 88' lang='lat' dir='ltr'><strong>diu</strong></span> <span class='ocrx_word' id='word_1_73' title='bbox 190 1257 330 1314; x_wconf 82' lang='lat' dir='ltr'><strong>voluerum</strong></span> <span class='ocrx_word' id='word_1_74' title='bbox 340 1260 437 1331; x_wconf 67' lang='lat' dir='ltr'><strong>proles,</strong></span> <span class='ocrx_word' id='word_1_75' title='bbox 459 1268 518 1315; x_wconf 88' lang='lat' dir='ltr'><strong>tum</strong></span> <span class='ocrx_word' id='word_1_76' title='bbox 527 1259 644 1334; x_wconf 86' lang='lat' dir='ltr'><strong>deniqne</strong></span> <span class='ocrx_word' id='word_1_77' title='bbox 653 1280 727 1317; x_wconf 83' lang='lat' dir='ltr'><strong>caeso</strong></span> <span class='ocrx_word' id='word_1_78' title='bbox 738 1271 791 1318; x_wconf 82' lang='lat' dir='ltr'><strong>est:</strong></span> 
     </span>
     <span class='ocr_line' id='line_1_16' title="bbox 92 1332 859 1406; baseline 0.005 -17"><span class='ocrx_word' id='word_1_79' title='bbox 92 1336 274 1406; x_wconf 81' lang='lat' dir='ltr'><strong>iuveruntque</strong></span> <span class='ocrx_word' id='word_1_80' title='bbox 282 1332 345 1390; x_wconf 83' lang='lat' dir='ltr'><strong>deos</strong></span> <span class='ocrx_word' id='word_1_81' title='bbox 355 1334 453 1390; x_wconf 84' lang='lat' dir='ltr'><strong>indicis</strong></span> <span class='ocrx_word' id='word_1_82' title='bbox 464 1343 524 1390; x_wconf 74' lang='lat' dir='ltr'><strong>exta</strong></span> <span class='ocrx_word' id='word_1_83' title='bbox 534 1336 588 1391; x_wconf 79' lang='lat' dir='ltr'><strong>eui.</strong></span> <span class='ocrx_word' id='word_1_84' title='bbox 820 1346 859 1393; x_wconf 76' lang='lat' dir='ltr'><strong>ion</strong></span> 
     </span>
    </p>

    <p class='ocr_par' dir='ltr' id='par_1_11' title="bbox 54 1409 613 1542">
     <span class='ocr_line' id='line_1_17' title="bbox 54 1409 610 1484; baseline -0.002 -18"><span class='ocrx_word' id='word_1_85' title='bbox 54 1413 127 1484; x_wconf 81' lang='lat' dir='ltr'><strong>Ergo</strong></span> <span class='ocrx_word' id='word_1_86' title='bbox 137 1424 216 1481; x_wconf 86' lang='lat' dir='ltr'><strong>saepa</strong></span> <span class='ocrx_word' id='word_1_87' title='bbox 223 1425 275 1464; x_wconf 87' lang='lat' dir='ltr'><strong>auo</strong></span> <span class='ocrx_word' id='word_1_88' title='bbox 283 1409 382 1464; x_wconf 84' lang='lat' dir='ltr'><strong>coniux</strong></span> <span class='ocrx_word' id='word_1_89' title='bbox 391 1409 504 1465; x_wconf 83' lang='lat' dir='ltr'><strong>abducta</strong></span> <span class='ocrx_word' id='word_1_90' title='bbox 515 1412 610 1466; x_wconf 83' lang='lat' dir='ltr'><strong>marito</strong></span> 
     </span>
     <span class='ocr_line' id='line_1_18' title="bbox 91 1481 613 1542; baseline 0.006 -3"><span class='ocrx_word' id='word_1_91' title='bbox 91 1485 181 1540; x_wconf 88' lang='lat' dir='ltr'><strong>uritur</strong></span> <span class='ocrx_word' id='word_1_92' title='bbox 190 1483 219 1539; x_wconf 90' lang='lat' dir='ltr'><strong>in</strong></span> <span class='ocrx_word' id='word_1_93' title='bbox 228 1481 322 1539; x_wconf 82' lang='lat' dir='ltr'><strong>calidis</strong></span> <span class='ocrx_word' id='word_1_94' title='bbox 332 1483 392 1539; x_wconf 81' lang='lat' dir='ltr'><strong>alha&#39;</strong></span> <span class='ocrx_word' id='word_1_95' title='bbox 401 1482 524 1541; x_wconf 84' lang='lat' dir='ltr'><strong>oolumha</strong></span> <span class='ocrx_word' id='word_1_96' title='bbox 534 1484 613 1542; x_wconf 82' lang='lat' dir='ltr'><strong>iocis:</strong></span> 
     </span>
    </p>

    <p class='ocr_par' dir='ltr' id='par_1_12' title="bbox 55 1558 912 1702">
     <span class='ocr_line' id='line_1_19' title="bbox 55 1558 737 1633; baseline 0 -17"><span class='ocrx_word' id='word_1_97' title='bbox 55 1578 102 1616; x_wconf 88' lang='lat' dir='ltr'><strong>neo</strong></span> <span class='ocrx_word' id='word_1_98' title='bbox 112 1558 219 1615; x_wconf 81' lang='lat' dir='ltr'><strong>defensa</strong></span> <span class='ocrx_word' id='word_1_99' title='bbox 230 1559 324 1614; x_wconf 86' lang='lat' dir='ltr'><strong>iuvant</strong></span> <span class='ocrx_word' id='word_1_100' title='bbox 333 1559 471 1632; x_wconf 82' lang='lat' dir='ltr'><strong>Capitolia,</strong></span> <span class='ocrx_word' id='word_1_101' title='bbox 493 1563 648 1633; x_wconf 89' lang='lat' dir='ltr'><strong>quominus</strong></span> <span class='ocrx_word' id='word_1_102' title='bbox 659 1580 737 1617; x_wconf 86' lang='lat' dir='ltr'><strong>anser</strong></span> 
     </span>
     <span class='ocr_line' id='line_1_20' title="bbox 92 1633 912 1702; baseline 0.001 -12"><span class='ocrx_word' id='word_1_103' title='bbox 92 1635 256 1690; x_wconf 86' lang='lat' dir='ltr'><strong>detiaonrin</strong></span> <span class='ocrx_word' id='word_1_104' title='bbox 267 1633 369 1701; x_wconf 82' lang='lat' dir='ltr'><strong>lances,</strong></span> <span class='ocrx_word' id='word_1_105' title='bbox 390 1635 481 1691; x_wconf 80' lang='lat' dir='ltr'><strong>Inachi</strong></span> <span class='ocrx_word' id='word_1_106' title='bbox 493 1636 578 1702; x_wconf 86' lang='lat' dir='ltr'><strong>lauta,</strong></span> <span class='ocrx_word' id='word_1_107' title='bbox 598 1645 668 1693; x_wconf 85' lang='lat' dir='ltr'><strong>tuas.</strong></span> <span class='ocrx_word' id='word_1_108' title='bbox 910 1685 912 1691; x_wconf 92' lang='lat'>.</span> 
     </span>
    </p>

    <p class='ocr_par' dir='ltr' id='par_1_13' title="bbox 54 1708 856 1860">
     <span class='ocr_line' id='line_1_21' title="bbox 54 1708 856 1777; baseline 0.004 -12"><span class='ocrx_word' id='word_1_109' title='bbox 54 1713 135 1766; x_wconf 82' lang='lat' dir='ltr'><strong>Nocte</strong></span> <span class='ocrx_word' id='word_1_110' title='bbox 143 1708 207 1765; x_wconf 88' lang='lat' dir='ltr'><strong>deae</strong></span> <span class='ocrx_word' id='word_1_111' title='bbox 218 1709 302 1765; x_wconf 80' lang='lat' dir='ltr'><strong>noetis</strong></span> <span class='ocrx_word' id='word_1_112' title='bbox 311 1711 435 1766; x_wconf 79' lang='lat' dir='ltr'><strong>cristatus</strong></span> <span class='ocrx_word' id='word_1_113' title='bbox 445 1712 563 1767; x_wconf 79' lang='lat' dir='ltr'><strong>caeditur</strong></span> <span class='ocrx_word' id='word_1_114' title='bbox 576 1713 641 1777; x_wconf 85' lang='lat' dir='ltr'><strong>ales,</strong></span> <span class='ocrx_word' id='word_1_115' title='bbox 820 1723 856 1769; x_wconf 59' lang='lat'><strong>455</strong></span> 
     </span>
     <span class='ocr_line' id='line_1_22' title="bbox 92 1783 661 1860; baseline -0.002 -18"><span class='ocrx_word' id='word_1_116' title='bbox 92 1784 165 1858; x_wconf 87' lang='lat' dir='ltr'><strong>quod</strong></span> <span class='ocrx_word' id='word_1_117' title='bbox 174 1783 294 1858; x_wconf 84' lang='lat' dir='ltr'><strong>tepidum</strong></span> <span class='ocrx_word' id='word_1_118' title='bbox 303 1784 382 1860; x_wconf 80' lang='lat' dir='ltr'><strong>vigili</strong></span> <span class='ocrx_word' id='word_1_119' title='bbox 392 1792 516 1858; x_wconf 79' lang='lat' dir='ltr'><strong>provooet</strong></span> <span class='ocrx_word' id='word_1_120' title='bbox 524 1804 570 1841; x_wconf 88' lang='lat' dir='ltr'><strong>ora</strong></span> <span class='ocrx_word' id='word_1_121' title='bbox 579 1786 661 1842; x_wconf 86' lang='lat' dir='ltr'><strong>diem.</strong></span> 
     </span>
    </p>

    <p class='ocr_par' dir='ltr' id='par_1_14' title="bbox 55 1859 698 2009">
     <span class='ocr_line' id='line_1_23' title="bbox 55 1859 698 1935; baseline 0.003 -20"><span class='ocrx_word' id='word_1_122' title='bbox 55 1863 156 1916; x_wconf 82' lang='lat' dir='ltr'><strong>{nterea</strong></span> <span class='ocrx_word' id='word_1_123' title='bbox 164 1859 279 1933; x_wconf 82' lang='lat' dir='ltr'>Delphin</span> <span class='ocrx_word' id='word_1_124' title='bbox 288 1859 392 1916; x_wconf 83' lang='lat' dir='ltr'><strong>clarum</strong></span> <span class='ocrx_word' id='word_1_125' title='bbox 405 1877 487 1933; x_wconf 82' lang='lat' dir='ltr'><strong>super</strong></span> <span class='ocrx_word' id='word_1_126' title='bbox 498 1877 613 1935; x_wconf 78' lang='lat' dir='ltr'><strong>aequora</strong></span> <span class='ocrx_word' id='word_1_127' title='bbox 622 1861 698 1918; x_wconf 79' lang='lat' dir='ltr'><strong>sidus</strong></span> 
     </span>
     <span class='ocr_line' id='line_1_24' title="bbox 94 1933 617 2009; baseline 0.002 -17"><span class='ocrx_word' id='word_1_128' title='bbox 94 1933 207 2003; x_wconf 82' lang='lat' dir='ltr'><strong>tollitur,</strong></span> <span class='ocrx_word' id='word_1_129' title='bbox 227 1942 254 1992; x_wconf 81' lang='lat' dir='ltr'><strong>et</strong></span> <span class='ocrx_word' id='word_1_130' title='bbox 262 1935 356 2009; x_wconf 81' lang='lat' dir='ltr'><strong>patriis</strong></span> <span class='ocrx_word' id='word_1_131' title='bbox 366 1936 463 1993; x_wconf 74' lang='lat' dir='ltr'><strong>exserit</strong></span> <span class='ocrx_word' id='word_1_132' title='bbox 472 1952 518 1992; x_wconf 90' lang='lat' dir='ltr'><strong>ora</strong></span> <span class='ocrx_word' id='word_1_133' title='bbox 530 1937 617 1994; x_wconf 83' lang='lat' dir='ltr'><strong>vadia.</strong></span> 
     </span>
    </p>
   </div>
   <div class='ocr_carea' id='block_1_3' title="bbox 55 2040 857 2196">
    <p class='ocr_par' dir='ltr' id='par_1_15' title="bbox 55 2040 857 2196">
     <span class='ocr_line' id='line_1_25' title="bbox 55 2040 724 2122; baseline 0.003 -20"><span class='ocrx_word' id='word_1_134' title='bbox 55 2040 165 2103; x_wconf 83' lang='lat' dir='ltr'><strong>Postera</strong></span> <span class='ocrx_word' id='word_1_135' title='bbox 175 2045 223 2102; x_wconf 89' lang='lat' dir='ltr'><strong>lux</strong></span> <span class='ocrx_word' id='word_1_136' title='bbox 232 2045 348 2103; x_wconf 81' lang='lat' dir='ltr'><strong>hiemem</strong></span> <span class='ocrx_word' id='word_1_137' title='bbox 358 2048 446 2111; x_wconf 82' lang='lat' dir='ltr'><strong>medio</strong></span> <span class='ocrx_word' id='word_1_138' title='bbox 455 2048 611 2104; x_wconf 82' lang='lat' dir='ltr'><strong>discrimine</strong></span> <span class='ocrx_word' id='word_1_139' title='bbox 623 2049 724 2122; x_wconf 80' lang='lat' dir='ltr'><strong>signat:</strong></span> 
     </span>
     <span class='ocr_line' id='line_1_26' title="bbox 93 2123 857 2196; baseline -0.003 -18"><span class='ocrx_word' id='word_1_140' title='bbox 93 2123 408 2196; x_wconf 79' lang='lat' dir='ltr'><strong>aequaquepraeteritae‚</strong></span> <span class='ocrx_word' id='word_1_141' title='bbox 429 2140 498 2196; x_wconf 89' lang='lat' dir='ltr'><strong>quae</strong></span> <span class='ocrx_word' id='word_1_142' title='bbox 510 2124 661 2194; x_wconf 74' lang='lat' dir='ltr'>superabit,</span> <span class='ocrx_word' id='word_1_143' title='bbox 681 2124 739 2179; x_wconf 85' lang='lat' dir='ltr'><strong>erit.</strong></span> <span class='ocrx_word' id='word_1_144' title='bbox 819 2133 857 2177; x_wconf 72' lang='lat' dir='ltr'><strong>aon</strong></span> 
     </span>
    </p>
   </div>
   <div class='ocr_carea' id='block_1_4' title="bbox 55 2235 860 2694">
    <p class='ocr_par' dir='ltr' id='par_1_16' title="bbox 56 2235 670 2389">
     <span class='ocr_line' id='line_1_27' title="bbox 56 2235 670 2313; baseline -0.002 -16"><span class='ocrx_word' id='word_1_145' title='bbox 56 2235 184 2297; x_wconf 79' lang='lat' dir='ltr'><strong>Proxima</strong></span> <span class='ocrx_word' id='word_1_146' title='bbox 193 2240 336 2313; x_wconf 81' lang='lat' dir='ltr'><strong>prospiciet</strong></span> <span class='ocrx_word' id='word_1_147' title='bbox 346 2240 459 2297; x_wconf 81' lang='lat' dir='ltr'><strong>Tithono</strong></span> <span class='ocrx_word' id='word_1_148' title='bbox 468 2239 571 2296; x_wconf 80' lang='lat' dir='ltr'><strong>Aurora</strong></span> <span class='ocrx_word' id='word_1_149' title='bbox 580 2239 670 2296; x_wconf 71' lang='lat' dir='ltr'><strong>relicto</strong></span> 
     </span>
     <span class='ocr_line' id='line_1_28' title="bbox 94 2314 579 2389; baseline -0.006 -16"><span class='ocrx_word' id='word_1_150' title='bbox 94 2316 221 2373; x_wconf 73' lang='lat' dir='ltr'><strong>Arcadiae</strong></span> <span class='ocrx_word' id='word_1_151' title='bbox 230 2333 336 2371; x_wconf 83' lang='lat' dir='ltr'><strong>aeorum</strong></span> <span class='ocrx_word' id='word_1_152' title='bbox 347 2316 497 2389; x_wconf 82' lang='lat' dir='ltr'><strong>pontificale</strong></span> <span class='ocrx_word' id='word_1_153' title='bbox 505 2314 579 2371; x_wconf 86' lang='lat' dir='ltr'><strong>deae.</strong></span> 
     </span>
    </p>

    <p class='ocr_par' dir='ltr' id='par_1_17' title="bbox 55 2391 789 2542">
     <span class='ocr_line' id='line_1_29' title="bbox 55 2391 789 2466; baseline -0.005 -18"><span class='ocrx_word' id='word_1_154' title='bbox 55 2395 93 2448; x_wconf 86' lang='lat' dir='ltr'><strong>Te</strong></span> <span class='ocrx_word' id='word_1_155' title='bbox 103 2409 211 2466; x_wconf 88' lang='lat' dir='ltr'><strong>quoque</strong></span> <span class='ocrx_word' id='word_1_156' title='bbox 221 2391 269 2447; x_wconf 84' lang='lat' dir='ltr'><strong>lux</strong></span> <span class='ocrx_word' id='word_1_157' title='bbox 278 2392 380 2458; x_wconf 85' lang='lat' dir='ltr'><strong>eadem,</strong></span> <span class='ocrx_word' id='word_1_158' title='bbox 401 2392 485 2448; x_wconf 88' lang='lat' dir='ltr'><strong>Turni</strong></span> <span class='ocrx_word' id='word_1_159' title='bbox 495 2408 583 2457; x_wconf 75' lang='lat' dir='ltr'><strong>soror,</strong></span> <span class='ocrx_word' id='word_1_160' title='bbox 604 2391 666 2447; x_wconf 88' lang='lat' dir='ltr'><strong>aedo</strong></span> <span class='ocrx_word' id='word_1_161' title='bbox 679 2393 789 2463; x_wconf 52' lang='lat' dir='ltr'><strong>accepim</strong></span> 
     </span>
     <span class='ocr_line' id='line_1_30' title="bbox 95 2466 651 2542; baseline 0 -20"><span class='ocrx_word' id='word_1_162' title='bbox 95 2469 138 2523; x_wconf 88' lang='lat' dir='ltr'><strong>hie</strong></span> <span class='ocrx_word' id='word_1_163' title='bbox 147 2468 195 2523; x_wconf 89' lang='lat' dir='ltr'><strong>uhi</strong></span> <span class='ocrx_word' id='word_1_164' title='bbox 205 2467 332 2542; x_wconf 80' lang='lat' dir='ltr'><strong>Virginea</strong></span> <span class='ocrx_word' id='word_1_165' title='bbox 342 2467 460 2539; x_wconf 87' lang='lat' dir='ltr'><strong>Campus</strong></span> <span class='ocrx_word' id='word_1_166' title='bbox 469 2466 558 2522; x_wconf 84' lang='lat' dir='ltr'><strong>ohitnr</strong></span> <span class='ocrx_word' id='word_1_167' title='bbox 571 2483 651 2540; x_wconf 85' lang='lat' dir='ltr'><strong>aqua.</strong></span> 
     </span>
    </p>

    <p class='ocr_par' dir='ltr' id='par_1_18' title="bbox 56 2538 860 2694">
     <span class='ocr_line' id='line_1_31' title="bbox 56 2538 860 2615; baseline -0.019 -15"><span class='ocrx_word' id='word_1_168' title='bbox 56 2543 131 2601; x_wconf 84' lang='lat' dir='ltr'><strong>Unda</strong></span> <span class='ocrx_word' id='word_1_169' title='bbox 142 2551 229 2615; x_wconf 87' lang='lat' dir='ltr'><strong>petam</strong></span> <span class='ocrx_word' id='word_1_170' title='bbox 238 2542 453 2599; x_wconf 78' lang='lat' dir='ltr'><strong>caussashorum</strong></span> <span class='ocrx_word' id='word_1_171' title='bbox 467 2538 785 2615; x_wconf 80' lang='lat' dir='ltr'><strong>moremqneaaerorurn‘?</strong></span> <span class='ocrx_word' id='word_1_172' title='bbox 819 2545 860 2587; x_wconf 62' lang='lat' dir='ltr'><strong>aaa</strong></span> 
     </span>
     <span class='ocr_line' id='line_1_32' title="bbox 93 2614 655 2694; baseline -0.011 -20"><span class='ocrx_word' id='word_1_173' title='bbox 93 2619 194 2693; x_wconf 79' lang='lat' dir='ltr'><strong>Diriget</strong></span> <span class='ocrx_word' id='word_1_174' title='bbox 203 2618 232 2674; x_wconf 93' lang='lat' dir='ltr'><strong>in</strong></span> <span class='ocrx_word' id='word_1_175' title='bbox 241 2618 329 2674; x_wconf 84' lang='lat' dir='ltr'><strong>madio</strong></span> <span class='ocrx_word' id='word_1_176' title='bbox 342 2620 406 2694; x_wconf 84' lang='lat' dir='ltr'><strong>qnia</strong></span> <span class='ocrx_word' id='word_1_177' title='bbox 418 2635 482 2674; x_wconf 81' lang='lat' dir='ltr'><strong>mea</strong></span> <span class='ocrx_word' id='word_1_178' title='bbox 491 2614 655 2675; x_wconf 57' lang='lat' dir='ltr'><strong>nahairemh</strong></span> 
     </span>
    </p>
   </div>
   <div class='ocr_carea' id='block_1_5' title="bbox 54 2683 834 2773">
    <p class='ocr_par' dir='ltr' id='par_1_19' title="bbox 54 2683 834 2773">
     <span class='ocr_line' id='line_1_33' title="bbox 54 2683 834 2773; baseline -0.062 -3"><span class='ocrx_word' id='word_1_179' title='bbox 54 2699 217 2770; x_wconf 69' lang='lat' dir='ltr'><strong>ipsaniam,</strong></span> <span class='ocrx_word' id='word_1_180' title='bbox 239 2683 834 2773; x_wconf 68' lang='lat' dir='ltr'><strong>quaenomenhaheaaoarnhnah&#39;nmxm,</strong></span> 
     </span>
    </p>
   </div>
   <div class='ocr_carea' id='block_1_6' title="bbox 0 0 954 2970">
    <p class='ocr_par' dir='ltr' id='par_1_20' title="bbox 0 0 954 2970">
     <span class='ocr_line' id='line_1_34' title="bbox 0 0 954 2970; baseline 0 0"><span class='ocrx_word' id='word_1_181' title='bbox 0 0 954 2970; x_wconf 95' lang='lat' dir='ltr'><strong> </strong></span> 
     </span>
    </p>
   </div>
  </div>
 </body>
</html>
