1904 2986
174 109 361 158 'rmsuwu
379 110 449 158 LIB.
470 109 504 159 V·
523 113 579 160 EL.
601 115 640 160 12.
663 115 703 161 13.
759 110 804 166 2'll

58 214 246 271 immemorem
256 228 339 286 quam
348 218 374 267 to
382 213 528 286 quisquam
539 217 678 272 convincat
687 218 776 274 amici.

98 292 159 345 Non
169 290 205 343 ita
217 287 335 342 suntlati
345 288 460 344 stamina
475 290 551 364 nigra
564 291 627 345 mei.

58 366 100 421 Tu
112 365 214 428 lamen,
236 371 266 417 ut
274 363 363 435 possis
373 361 454 419 ialsae
465 383 573 438 quoque
581 365 679 438 pollere
688 367 782 443 culpae
839 384 864 426 25

97 439 226 505 erimina,
248 438 438 512 quodnones,
460 458 494 495 ne
503 441 623 507 videare,
644 460 720 499 eave:

57 524 145 590 utque
155 514 308 572 solebamus
317 531 475 570 consumere
485 515 563 591 longa
576 516 709 590 loquendo

98 600 228 663 tempora,
249 589 366 645 sermoni
376 589 508 646 disiciento
517 591 576 660 die;

59 667 100 723 sio
109 666 176 722 ierat
185 684 215 722 ao
224 664 318 720 referat
327 665 419 720 tacitas
430 684 503 722 nune
513 666 587 722 litera
597 685 689 725 voees:

98 752 125 798 et
136 749 266 817 peragant
274 740 383 828 linguae
392 742 482 797 charta
495 761 647 818 manusque
657 728 742 816 vioes;
840 763 864 805 st

59 818 135 892 quod
144 816 201 873 fore
211 833 244 872 ne
253 816 370 871 nimium
380 816 472 872 videar
481 817 615 886 diffidere,
637 821 725 894 sitque

98 893 223 949 versibus
234 891 284 947 hoe
292 892 386 963 paucis
396 892 568 949 admonuisse
578 895 656 962 satis3

61 969 162 1041 accipe,
182 983 352 1040 qunsemper
362 967 455 1022 finitur
465 968 575 1042 epistola
589 970 679 1038 verbo,

98 1041 522 1123 aquemeisdistentuttuaiata;
543 1043 621 1100 Valet

241 1217 480 1277 ELEGlA
541 1222 635 1277 xlv.

61 1334 175 1412 Quanta
183 1341 233 1397 tibi
242 1341 360 1398 dederim
371 1342 469 1397 nostris
479 1350 650 1400 monumenta
663 1343 770 1410 libellis,

98 1417 193 1475 omibi
204 1434 246 1472 mo
255 1417 355 1474 ooniux
365 1419 462 1483 carior,
485 1418 542 1490 ipsa
553 1418 639 1474 vides.

59 1494 186 1551 Detrahat
194 1495 293 1563 auctori
304 1493 422 1549 multum
431 1494 547 1549 Fortuna
559 1494 656 1561 licebit,

98 1579 128 1625 tu
138 1577 228 1625 tamen
239 1570 349 1645 ingenio
357 1568 427 1625 olera
436 1569 517 1626 ferere
527 1587 599 1626 meo:

60 1647 185 1718 dumque
194 1643 275 1720 legar,
296 1645 395 1717 pariter
404 1662 510 1701 meeum
523 1653 569 1701 tua
579 1645 649 1702 lama
659 1645 774 1722 legetur:
853 1660 864 1700 5

98 1739 148 1777 neo
158 1728 232 1792 potes
241 1721 271 1777 in
280 1729 395 1777 moestos
404 1720 493 1778 omnis
505 1721 579 1777 abire
588 1740 679 1799 rogos:

59 1813 204 1870 quumque
213 1796 264 1851 viri
275 1813 339 1853 easu
348 1796 437 1869 possis
447 1796 598 1852 miserenda
608 1796 707 1866 videri;

98 1871 222 1928 invenies
231 1870 351 1944 aliquas,
372 1889 455 1945 quae,
476 1871 549 1945 quod
559 1890 601 1940 es,
624 1871 788 1929 essevelint:

59 1965 130 2021 quae
142 1955 177 2013 te,
199 1955 349 2003 nostrorum
360 1966 447 2020 quum
457 1948 495 2002 sis
505 1948 534 2004 in
545 1956 618 2020 parto
628 1949 770 2015 malorum,

99 2022 203 2078 lelioem
215 2023 312 2088 dicant,
333 2024 524 2096 invideantque
537 2024 595 2080 tibi.
840 2035 864 2077 to

59 2100 193 2172 Nonego,
214 2097 321 2153 divitias
331 2098 433 2164 dando,
454 2098 742 2172 tibiplnradedissem.

98 2172 143 2228 Nil
153 2172 218 2229 ieret
227 2173 261 2228 ad
273 2191 365 2229 manes
376 2173 467 2230 divitis
476 2174 573 2230 umbra
582 2192 657 2229 snos.

60 2249 184 2322 Perpetui
194 2248 311 2305 fructum
323 2248 420 2305 donavi
434 2249 566 2305 nominis:
588 2250 670 2322 idque

97 2342 154 2399 quo
163 2324 226 2381 dare
236 2324 274 2380 nil
286 2324 361 2397 potui
375 2342 486 2380 munere
496 2326 599 2391 maius,
620 2325 713 2381 habes.

57 2400 149 2466 Adde,
170 2400 258 2473 quod,
280 2407 408 2455 utrerum
418 2400 742 2470 solaestntalamearum,
839 2414 864 2457 15

97 2477 131 2532 ad
142 2484 167 2531 te
177 2494 231 2533 non
243 2476 321 2549 parvi
330 2475 404 2532 venit
415 2476 525 2533 honoris
535 2494 614 2543 onus,

57 2552 134 2628 quod
143 2570 285 2625 nunquam
295 2569 349 2608 vox
357 2559 398 2607 est
407 2551 540 2608 detemea
550 2561 638 2621 muta,
660 2553 753 2627 tuique

15 2670 18 2675 .
93 2628 205 2684 indiciis
214 2627 295 2686 debes
305 2645 365 2688 esso
375 2629 498 2706 superba
508 2629 576 2690 uiri.

866 2588 916 2743 ὑί
