1898 2970
141 158 189 213 ³3⁰
330 160 358 208 Ρ.
380 158 507 207 ovlun
525 154 695 207 NASONIS

334 406 601 465 urrunnun
649 405 693 461 11.
800 371 802 374 ⁴

287 527 307 570 Δ
343 528 362 569 D
425 527 444 569 0
480 527 497 568 0
534 523 556 566 Τ
592 523 614 566 Τ
652 523 672 565 Δ
707 525 745 567 Μ.

144 628 237 705 Quam
249 638 341 713 legiae
352 636 624 703 annumeramini,
645 636 734 705 Cotta,
756 637 883 707 salutem,

183 715 264 770 missa
276 714 311 768 sit
320 721 351 769 ut
360 730 420 769 vere
429 712 620 786 perveniatque
628 728 733 785 precor.

143 791 267 863 Namque
276 789 343 844 meis
353 806 445 860 sospes
455 786 572 845 multum
582 787 746 845 eruciatibus
756 789 858 857 aufere,

183 875 265 938 utque
275 864 310 919 sit
320 864 348 921 in
358 863 436 920 nobie
445 881 508 937 pars
519 861 682 929 bonuaalvn¹
704 862 781 921 fanin.

90 953 103 997 t
145 940 291 1012 Quumque
301 939 390 995 labent
398 938 458 1006 alii,
480 939 627 1012 iactataque
636 938 696 995 vala
707 938 877 1015 relinquant3

184 1024 212 1070 tu
223 1015 322 1071 lacerae
331 1032 453 1071 remanes
462 1032 559 1072 anunra
568 1012 625 1071 sula
634 1015 696 1071 rati.

146 1093 226 1147 Grata
237 1099 281 1147 tua
292 1099 332 1146 est
341 1091 423 1165 igitur
432 1091 530 1163 pietas:
551 1089 719 1163 ignoscimus
728 1089 794 1158 illie,

183 1167 302 1239 quicum
312 1163 641 1241 Fortunatergndederes
693 1183 719 1223 a.

146 1241 238 1308 Quum
247 1241 343 1299 feriant
354 1259 455 1308 unum,
476 1259 531 1299 non
540 1258 628 1298 unum
639 1183 755 1299 ffiina
763 1250 878 1313 terrent;

92 1329 118 1373 tu
184 1317 328 1391 iunctaque
338 1316 552 1390 percussoturba
560 1333 659 1391 pavere
667 1315 748 1375 nolet:

146 1409 288 1465 quumque
297 1392 370 1449 dedit
379 1392 466 1464 paries
477 1401 604 1450 venturae
616 1391 694 1467 signa
704 1393 811 1461 ruinae,

184 1466 298 1523 sollicite
307 1485 409 1523 vacuus
420 1469 450 1524 fit
463 1467 538 1524 locus
548 1468 593 1524 iile
605 1476 689 1524 metu.

147 1543 213 1610 Quis
224 1561 278 1600 uon
290 1543 417 1598 etimidis
426 1544 498 1617 aegri
508 1544 630 1618 contagia
645 1545 718 1609 vitat,

184 1618 304 1675 vicinum
315 1627 437 1675 metuens
449 1636 483 1674 ne
492 1619 580 1675 trahat
589 1620 652 1677 inda
664 1619 788 1676 malum‘?

93 1709 118 1754 15
147 1697 189 1752 Me
199 1713 307 1769 quoque
316 1695 463 1752 amicorum
474 1695 560 1752 nimio
571 1702 669 1752 terrore
677 1704 816 1769 metuque,

186 1772 320 1839 ennodio,
342 1771 452 1845 quidam
463 1769 680 1836 destituemmei.

148 1847 377 1921 Nonilliepietas,
399 1845 714 1905 nonoffieioeavnluntae

186 1923 283 1978 defuit:
306 1923 431 1980 adversos
441 1923 588 1980 extimuere
597 1922 671 1980 deos.

149 2000 235 2072 thue
244 1999 330 2073 magis
342 2000 412 2055 cauti
422 2006 537 2072 possunt
544 1998 688 2073 timidique
696 1997 792 2063 videri,

94 2088 119 2133 20
185 2076 225 2130 sic
235 2074 362 2149 appellari
372 2094 426 2131 non
437 2092 557 2132 meruere
566 2073 641 2131 mali.

149 2151 184 2206 At
193 2169 269 2207 meus
280 2159 389 2207 excusat
397 2169 472 2208 caros
484 2152 520 2207 ite
530 2151 629 2207 candor
638 2150 753 2215 amicos;

187 2234 271 2299 utque
280 2227 395 2283 habeant
404 2227 437 2283 de
447 2245 490 2283 me
501 2226 615 2283 erimina
626 2224 716 2290 nulla,
737 2224 817 2279 iavet.

150 2300 209 2354 Sint
217 2300 246 2355 hi
257 2303 372 2358 contenti
382 2303 477 2370 venia,
497 2303 659 2378 signentque
669 2300 767 2366 licebit,

187 2379 297 2450 purgari
307 2377 405 2435 facturn
416 2396 459 2434 me
468 2395 577 2452 quoque
586 2386 652 2434 teste
661 2393 757 2433 snum:

97 2459 121 2504 25
150 2465 212 2519 pars
223 2453 287 2507 estis
296 2455 376 2525 pauci
386 2453 488 2521 melior,
510 2454 558 2528 qui
569 2455 650 2511 rebus
660 2454 688 2509 in
700 2450 779 2508 arctis

189 2521 256 2579 serre
265 2528 333 2584 nrihi
346 2528 449 2585 nullam
459 2537 535 2601 turpe
544 2529 645 2602 putatis
654 2546 742 2602 opem.

152 2599 172 2650 T
175 2615 228 2652 ⁰¹1⁰
237 2600 320 2672 igitur
330 2604 418 2660 meriti
431 2606 558 2662 morietur
567 2607 653 2680 gratia
665 2602 757 2668 vestri,

189 2690 276 2748 quum
285 2676 354 2734 einis
366 2681 490 2738 absumta
496 2697 607 2753 corpore
616 2679 704 2739 factus
714 2697 769 2736 ero.

44 2894 173 2934 A
