1898 2970
145 239 192 291 ll8
331 240 359 286 P.
381 236 510 285 ovum
528 236 697 285 NASONIS

180 346 225 400 lus
234 340 283 400 tibi
293 338 428 407 dissonui,
448 339 473 397 si
484 358 538 413 qua
549 337 674 413 inquiris,
694 338 741 396 aii.

142 421 203 486 Dic,
223 417 286 483 dea,
307 415 447 489 respondi,
469 413 813 491 ludorumquaesiterigo.
836 452 842 463 ·

36 512 39 517 ·
179 491 463 559 Vixbenedesiemm;
484 490 573 546 retulit
583 489 629 546 illa
639 490 722 546 mibi:

143 571 250 627 Caetera
261 567 385 625 luxuriae
394 566 514 624 nondum
525 565 704 621 instrumenta
713 564 854 640 vigebant:

89 660 129 705 280
181 652 333 717 autpeeus,
354 651 401 698 aut
411 640 491 698 letam
501 641 576 697 dives
588 641 702 697 babebat
710 641 838 699 humum.

144 723 212 778 Hinc
222 721 301 776 etiem
312 716 439 790 locuples,
460 717 525 773 hine
534 716 592 790 ipsa
603 716 717 789 pecunie
726 715 797 773 dieta
806 725 854 773 est.

182 796 233 853 Sed
244 797 298 851 iam
308 795 342 850 de
350 792 431 851 vetite
439 793 557 866 quisque
568 793 678 865 parebat
685 809 759 864 opes.

144 874 258 929 Venerei
267 871 296 928 in
307 886 408 928 merem
417 868 511 942 populi
521 868 661 941 depascere
670 866 769 923 saltus:

183 948 265 1020 idque
274 946 322 1003 diu
331 944 416 1011 licuit,
436 961 576 1018 poenaque
585 943 660 1000 nulle
669 941 730 998 ruit.

91 1038 130 1083 28⁵
145 1023 256 1081 Vindice
265 1021 388 1078 servabat
397 1019 473 1077 nullo
481 1038 530 1076 sua
540 1017 639 1093 pabule
649 1016 764 1094 vulgus:

184 1100 293 1171 iamque
302 1095 331 1150 in
341 1095 445 1167 privato
454 1112 562 1165 pascere
571 1093 664 1151 inertis
674 1101 738 1149 emt.

146 1172 234 1228 Plebis
244 1172 278 1227 ad
288 1168 385 1227 aediles
395 1169 521 1241 perducta
532 1169 636 1225 licentia
648 1168 708 1225 ielis

184 1245 332 1303 Publicius:
353 1243 712 1301 enimusdeluilanteviris.

89 1382 91 1386 Α
146 1326 212 1380 Rem
221 1319 339 1395 populus
349 1320 456 1393 recipit:
478 1319 607 1376 muletam
616 1319 723 1376 subiere
733 1328 881 1377 nonense·

93 1413 132 1456 29⁰
183 1393 688 1469 Vindieibuslandipublioeeumiuil.

148 1473 246 1532 lluleta
255 1470 316 1528 data
325 1479 364 1528 est
374 1490 408 1526 ex
416 1480 491 1544 parte
500 1471 583 1537 mibi,
604 1488 758 1545 magnoque
767 1470 856 1527 lavone

186 1547 386 1606 victoresludos
397 1547 645 1611 instituerenovos;
671 1567 673 1570 ⁴

149 1633 223 1700 perte
234 1622 442 1692 locantclivum,
463 1621 511 1697 qui
521 1621 849 1693 tuneeralarduarupes:

186 1701 252 1759 utile
262 1717 336 1758 nune
345 1700 395 1757 iter
406 1707 460 1769 est3
480 1697 689 1769 Publiciumque
698 1705 803 1753 vocant.

96 1791 134 1834 aes
149 1778 247 1836 Annua
255 1775 419 1835 credideram
428 1772 579 1849 spectacula
589 1772 669 1829 lecu:
691 1772 813 1846 negauit:

188 1853 291 1909 addidit
300 1860 326 1909 el
334 1851 412 1909 dictis
422 1851 503 1909 altene
513 1850 594 1909 verbe
606 1848 678 1905 suis:

150 1928 205 1984 Nos
215 1942 324 1999 quoque
333 1928 418 2000 tangit
426 1927 525 1983 bonor:
539 1925 614 1982 festis
622 1923 772 2000 gaudemus
783 1930 808 1979 el
818 1923 884 1981 sris:

188 2001 320 2073 turbaque
328 1999 453 2058 eoelestes
463 2001 603 2059 ambitiosa
613 2018 720 2056 sumus.

150 2078 233 2149 Saepe
242 2074 305 2134 deos
314 2075 413 2150 aliquis
422 2075 555 2150 peccando
565 2076 626 2133 lecit
637 2076 759 2149 iniquos:

97 2165 137 2209 suu
189 2161 214 2208 et
223 2170 272 2224 pro
281 2152 383 2210 deliciis
393 2152 479 2210 hostia
492 2152 590 2208 blanda
600 2151 661 2209 fuit.

152 2228 236 2300 Saepe
244 2230 334 2285 lovem
343 2228 414 2295 vidi,
435 2244 521 2302 quum
532 2228 645 2284 iamsua
655 2226 758 2283 mittere
768 2225 848 2283 vellet

191 2302 315 2370 fulmine,
336 2312 394 2360 ture
405 2304 466 2360 dete
475 2303 638 2361 sustinuisse
647 2320 769 2360 menum.

153 2380 219 2438 Alai
231 2378 402 2454 negligimur,
424 2377 530 2452 magnis
540 2377 640 2436 iniuria
649 2377 742 2452 poenis

191 2455 317 2513 solvitur:
338 2461 364 2508 el
372 2454 475 2510 iustum
483 2455 608 2526 praeterit
616 2455 655 2509 ira
665 2454 787 2511 modum.
851 2498 854 2509 .

97 2544 139 2590 eus
150 2532 264 2606 Respiee
272 2528 446 2601 Thestiaden
467 2528 583 2589 flammis
595 2530 751 2585 absentibus
761 2528 837 2585 arsit.
871 2536 875 2543 '

180 2610 285 2668 Caussa
295 2612 352 2677 est,
374 2606 452 2683 quod
459 2605 584 2665 Phoebes
597 2621 644 2660 ana
654 2603 860 2674 §insinuemus

122 2683 247 2761 Respice
258 2685 449 2749 Tantaliden:
469 2683 569 2747 eadem
577 2674 835 2737 ueavuauneuu.
854 2706 861 2723 ·.

157 2763 244 2845 Virgo
256 2776 316 2844 est,
344 2773 503 2848 etspretus
513 2758 675 2821 bistumeu
681 2745 843 2808 uiuimus,
