1898 2970
160 183 209 237 302
348 185 378 229 1¹.
400 180 532 230 ovum
548 178 721 229 uasome

158 304 220 353 nec.
241 284 315 358 quod
324 283 443 359 Tydides
453 280 590 340 temeraria
597 280 708 339 dextera
717 280 788 349 lecit,

197 362 311 417 numina
320 368 386 416 suut
395 359 454 415 telis
462 358 518 415 ulle
528 358 610 432 petita
620 358 701 414 meis.

105 451 131 494 te
158 440 207 494 Est
216 454 275 492 mea
283 435 363 509 culpa
374 435 479 510 μανίη
500 434 549 489 sed
557 450 627 506 quae
636 451 681 490 me
689 433 802 507 perdere
811 432 895 492 solum

196 530 261 568 ausa
272 512 317 577 sit,
338 519 364 565 et
373 509 481 565 nullum
490 510 580 565 maius
589 508 681 566 adorta
693 509 779 567 nefas.

159 588 203 644 Nil
214 587 268 644 nisi
279 605 332 643 non
343 586 451 657 sapiens
460 602 573 657 possum
581 585 752 660 timidusque
760 585 864 643 vocari:

197 665 263 719 haec
272 662 325 718 duo
334 670 399 716 sunt
409 660 493 716 animi
504 661 612 716 nemina
623 678 686 719 vera
696 661 761 717 mci.

159 741 227 794 Esse
235 737 346 811 quidem
355 735 447 802 fateor,
468 736 590 792 meritam
599 735 879 810 pnstCaesarisirarn‚

106 827 132 870 2⁰
198 812 334 870 difficilem
344 812 624 884 precibustequoque
633 813 692 869 iure
702 813 786 882 meis;

161 905 285 964 quaeque
293 896 338 943 tua
347 894 388 942 est
396 887 480 958 pietas
490 888 519 943 iu
529 895 615 943 tetum
628 905 727 944 nemen
737 888 803 952 Iuli.

199 963 316 1029 telaedi‚
337 980 424 1035 quum
434 963 497 1035 quis
508 961 621 1018 laeditur
633 961 706 1029 inde,
727 972 818 1036 putas.

161 1041 213 1096 Sed
223 1040 283 1095 licet
292 1056 366 1094 arma
376 1037 444 1092 feras
454 1046 479 1093 et
490 1037 599 1093 vulnera
609 1055 688 1093 saeva
701 1040 824 1106 mineris,

199 1134 253 1170 uon
264 1123 352 1169 tamen
362 1113 470 1174 efficies.
491 1121 522 1169 ut
530 1114 638 1169 timeare
647 1114 727 1169 mihi.

107 1204 132 1247 2⁵
160 1191 262 1262 Puppis
272 1188 486 1245 Achaemeniden
495 1188 608 1246 Graium
618 1190 732 1246 Troiana
742 1189 854 1263 recepit:

199 1264 300 1337 profuit
309 1273 335 1320 et
344 1266 421 1338 Myso
431 1263 516 1319 Pelias
527 1265 602 1320 hasta
614 1263 688 1321 duci.

162 1340 289 1414 Confugit
298 1339 433 1395 interdum
446 1340 538 1412 templi
550 1339 661 1396 violator
670 1340 704 1396 ad
714 1358 799 1407 aram,

200 1433 249 1470 nec
258 1423 345 1486 petere
355 1415 449 1471 offensi
458 1416 580 1471 numinis
588 1416 678 1472 horret
686 1433 777 1488 opem.

163 1491 263 1546 Dixerit
273 1490 322 1546 hoc
332 1489 432 1562 aliquis
444 1498 531 1545 tutum
543 1509 596 1547 non
607 1509 677 1559 esse3
699 1491 825 1547 latemur.

109 1582 134 1625 30
201 1565 252 1621 Sed
263 1583 316 1620 non
328 1583 373 1636 per
384 1564 502 1636 placidas
512 1566 533 1620 it
542 1585 602 1621 mea
613 1567 690 1621 navis
703 1585 800 1639 aquas.

163 1645 230 1698 Tuta
240 1640 400 1714 petantalii:
422 1639 527 1697 fortuna
537 1642 755 1698 miserrimatuta
764 1652 818 1710 est,

202 1736 264 1775 nam
275 1718 354 1773 timor
364 1725 475 1772 eventus
487 1717 624 1774 deterioris
634 1718 718 1773 abest.

166 1795 228 1872 [Qui
239 1796 342 1866 rapitur
350 1792 421 1860 latis,
442 1793 508 1866 quid
520 1792 681 1864 praeterlata
691 1795 829 1866 requirat?

203 1871 285 1941 Saepe
296 1878 367 1926 creat
376 1869 470 1927 melles
479 1887 571 1941 aspera
583 1869 661 1941 spina
672 1866 768 1944 rosas]

110 1960 135 2002 35
164 1947 216 2015 Qui
227 1946 330 2017 rapitur
339 1953 482 2016 spumante
491 1944 558 2011 salo,
578 1962 628 1999 sua
638 1943 746 1999 brachia
755 1946 828 2000 cauti

202 2022 327 2096 porrigit,
348 2029 374 2076 et
383 2020 476 2091 spinas
486 2020 679 2093 duraquesaxa
690 2022 774 2092 capit:

165 2099 370 2171 accipitremque
378 2097 477 2153 timeus
486 2097 582 2170 pennis
591 2095 787 2168 trepidantibus
798 2096 854 2153 ales

204 2174 282 2230 audet
290 2173 324 2230 ad
333 2173 467 2230 humanos
477 2171 546 2228 fessa
556 2173 646 2228 venire
658 2173 748 2227 sinus.

165 2251 219 2302 Nec
229 2267 258 2304 se
268 2250 356 2306 vicino
366 2249 470 2304 dubitat
479 2249 642 2306 committere
651 2254 728 2312 tecto,

112 2330 137 2374 ln
204 2341 273 2392 quae
285 2325 355 2400 fugit
364 2323 473 2380 infestes
483 2324 572 2383 territa
582 2341 659 2379 cerva
669 2340 759 2378 canes.

167 2398 213 2461 Da,
229 2415 329 2466 precor,
344 2417 481 2456 accessum
491 2399 618 2465 lacrimis,
633 2399 786 2463 mitissime,
803 2399 909 2456 nostris:

206 2489 253 2524 nec
262 2474 376 2546 rigidam
386 2474 488 2530 timidis
498 2475 610 2532 vocibus
619 2473 688 2531 obde
698 2473 796 2540 lorem;

167 2546 301 2620 verbaque
310 2557 400 2607 nostra
410 2549 503 2607 favens
513 2551 632 2606 Romana
642 2549 676 2604 ad
685 2550 801 2606 numina
810 2550 904 2623 perfer,

196 2644 250 2684 non
263 2625 313 2684 tibi
327 2630 445 2705 Tarpeio
454 2625 777 2688 culta'leuauteulxuus3

83 2709 115 2762 1⁵
140 2706 336 2785 mandatique
347 2710 407 2769 mei
417 2709 533 2785 legatus
542 2701 657 2771 suscipe
667 2709 811 2750 caussam:
