1898 2970
201 146 393 195 salarum
412 148 479 196 ma.
493 149 538 195 111.
558 150 608 196 EL.
625 150 651 196 5.
667 152 693 195 6.
770 144 816 198 ⁶2⁴⁴

23 272 27 279 ·
64 248 135 323 Spes
145 246 232 325 igitur
240 256 372 321 superest,
392 246 526 305 iacturum
536 259 566 306 ut
575 250 677 306 molliat
688 253 744 324 ipse

104 324 204 381 mutati
214 340 327 397 posnam
336 324 486 381 venditione
497 325 555 381 loci.

65 402 124 459 flea
133 402 252 467 utinam,
273 400 351 455 nitidi
360 400 431 457 Solis
441 401 627 473 praenuntius,
648 412 721 458 ortus

105 476 200 544 afferat
209 476 329 533 admisso
337 475 443 534 Lucifer
453 475 530 533 albus
540 494 620 550 equo.

264 652 505 711 ELEGIA
564 655 625 711 Vl·

64 768 182 833 Foedus
191 772 326 831 amicitiae
336 791 385 831 nea
393 775 446 841 vis,
466 776 613 843 carissime,
635 786 749 842 nostrae,

106 866 168 917 aas,
187 848 374 916 sitortavslis.
394 850 566 908 dissimulare
574 861 658 925 potes.

64 924 243 985 Doneesnim
254 923 339 993 licuit,
360 942 409 983 aec
418 934 443 981 te
452 927 521 983 mihi
531 930 616 984 carior
626 928 699 993 alter,

106 1000 218 1059 nsetibi
228 1017 272 1057 me
282 1008 335 1057 tota
342 1001 458 1059 iunctior
467 1003 538 1059 Urbe
548 1002 608 1059 tuit.

63 1080 152 1155 Isque
160 1084 218 1133 erat
225 1094 314 1150 usque
323 1076 388 1134 adeo
396 1076 497 1151 populo
506 1086 625 1145 testatus,
641 1088 671 1136 ιιι
680 1090 749 1135 esset

105 1170 193 1227 paene
201 1152 290 1227 magis
299 1170 381 1225 quam
393 1161 422 1209 tu
432 1171 569 1228 quamque
577 1174 626 1229 ego
636 1165 723 1221 notus,
736 1175 819 1213 amor.

62 1230 179 1305 Quique
187 1237 229 1285 est
237 1228 268 1286 ia
276 1229 345 1284 caris
354 1229 438 1285 animi
450 1231 498 1285 tibi
510 1230 608 1288 candor
620 1234 722 1299 amieis,

105 1304 233 1381 cognitus
242 1312 283 1360 est
292 1303 346 1371 isti,
367 1304 601 1379 quemcolisipsa‚
622 1308 688 1363 viro.

61 1382 113 1441 Nil
125 1382 165 1437 ita
173 1378 288 1447 celabas,
309 1388 340 1436 ut
349 1398 403 1437 non
413 1399 462 1456 ego
471 1384 593 1438 conscius
606 1401 707 1453 essem3

104 1456 315 1547 pectoribusque
324 1456 408 1513 dabas
418 1456 502 1512 muita
513 1459 622 1532 tegenda
633 1461 709 1514 meis.
849 1474 875 1514 ra

62 1536 179 1608 Cuique
186 1550 237 1607 ego
247 1533 398 1599 narrabam,
419 1534 512 1588 secreti
524 1535 660 1607 quidquid
672 1536 813 1595 habebam.

105 1616 218 1682 excepto
228 1608 302 1681 quod
313 1626 357 1664 ms
367 1608 496 1682 perdidit,
516 1626 589 1665 unus
599 1628 667 1664 eras.

63 1686 220 1759 ldquoque
228 1684 253 1739 si
261 1683 369 1750 scisses,
388 1683 464 1741 salvo
472 1684 587 1740 fruerere
597 1685 696 1741 sodali:

104 1758 275 1833 semitisque
284 1757 368 1816 forem
376 1777 478 1833 sospes,
496 1762 589 1826 amice,
611 1769 667 1817 tuo.

62 1836 133 1917 [Sed
142 1852 202 1891 msa
212 1852 257 1891 ma
267 1835 297 1891 in
309 1852 422 1907 poenam
434 1836 564 1892 nimirum
575 1835 627 1891 sata
636 1836 784 1892 trahebant.
848 1850 873 1891 15

105 1910 291 1969 Omnebanaa
299 1911 429 1969 claudunt
437 1910 559 1968 utilitatis
569 1909 640 1988 iter]

61 1990 134 2047 Sive
143 1984 248 2043 malum
259 1986 335 2059 potui
344 1995 433 2044 tamsn
443 1987 494 2045 hoc
506 1988 590 2044 vitare
598 1988 728 2059 cavenda

106 2080 160 2119 seu
168 2060 330 2121 miniatum
339 2063 447 2121 sineere
455 2061 531 2120 nulla
541 2064 624 2134 valet;

62 2150 99 2197 tu
110 2148 212 2207 tamen,
231 2156 251 2197 a
259 2136 338 2196 nabis
347 2156 402 2196 usu
410 2139 579 2195 iunctissime
591 2139 679 2215 longo,

105 2212 305 2289 pandesiderii
315 2215 433 2271 maxima
443 2232 527 2288 paene
540 2215 602 2282 mei,
849 2230 875 2272 aa

61 2292 107 2349 sis
117 2306 235 2348 mamm:
257 2299 283 2345 et
294 2291 318 2345 si
328 2307 397 2364 quas
406 2289 467 2347 feeit
477 2290 524 2346 tibi
533 2292 618 2366 gratia
629 2292 709 2357 vires,

105 2364 170 2423 illas
178 2384 228 2441 pro
237 2364 316 2423 nobis
325 2366 463 2440 experiare
470 2384 545 2441 rogo,

62 2442 195 2501 numinis
203 2450 237 2499 ut
246 2440 311 2498 laesi
320 2442 368 2499 fiat
378 2444 543 2500 mansuetior
553 2442 606 2511 ira;

104 2526 265 2593 mutatoque
275 2518 364 2576 minor
373 2519 410 2576 sit
419 2538 478 2576 mea
485 2536 571 2593 poena
582 2517 652 2589 ¹⁰003

62 2594 154 2669 idque
161 2594 207 2661 ita,
226 2595 253 2649 si
261 2594 368 2650 auitum
377 2595 469 2653 sosius
477 2604 519 2654 est
532 2597 561 2656 in
571 2604 683 2673 pectore
693 2604 808 2659 bestrm
866 2605 900 2646 bb

88 2668 316 2739 arreptamque
322 2670 380 2727 mei
387 2673 518 2733 oriminis
528 2694 609 2736 error
618 2676 721 2736 babet.

683 2768 742 2827 Ob
