1898 2970
264 182 475 231 FASTORUM
492 186 564 232 LIB.
583 188 629 235 111.
785 185 816 235 69

71 283 182 358 pellitur
191 287 267 340 Anna
277 284 369 341 domo:
391 285 586 359 lacrimansque
594 291 693 344 sororia
708 291 806 361 linquit

110 361 222 415 moenia.
254 361 694 419 Gennanaeiustadatantesuae.
833 377 871 419 560

70 435 257 493 Mistabibunt
267 435 359 491 molles
374 436 637 510 lacrimis-unguenta
646 438 764 510 favillae3

109 509 619 585 vertioelibatasaooipinntquecomas:

70 595 174 659 terque,
194 585 269 652 Vale,
290 586 371 641 dixit:
393 589 747 645 cinerestaradoramlatos

107 661 215 735 pressit,
236 668 262 715 et
271 669 311 715 est
320 661 374 716 illis
383 663 440 718 visa
450 664 562 718 subesse
572 676 656 718 soror.

69 739 153 792 Nacta
162 743 245 791 ratem
255 737 417 810 oomitesque
427 738 518 813 fugae,
540 739 606 810 pede
617 738 713 793 labitur
723 756 816 811 aequo,
833 753 871 794 555

109 813 213 867 moenia
223 812 377 883 respiciens,
397 812 475 868 dulce
484 814 581 868 sororis
591 830 670 885 opus.

70 886 332 949 Fertilisestlllelite,
354 887 436 942 sterili
448 889 537 942 vicina
547 889 661 962 Cosyrae

109 961 210 1027 insula,
232 979 314 1034 quam
325 963 420 1036 Libyci
432 963 552 1017 verberat
560 963 634 1018 unda
644 962 713 1017 freti.

70 1038 230 1109 llanepetit‚
251 1036 366 1109 hospitio
377 1039 447 1112 regis
457 1039 557 1093 confisa
567 1044 680 1094 vetusto.

108 1114 211 1184 Hospes
221 1129 302 1183 opum
313 1113 390 1168 dives
400 1130 446 1167 rex
456 1114 594 1168 ibi¹Battus
604 1121 669 1168 erat.
834 1127 872 1168 570

70 1188 124 1254 Qui
134 1195 277 1260 postquam
286 1188 379 1244 didicit
388 1205 466 1244 casus
478 1191 620 1261 utriusque
629 1191 740 1257 sororis;

108 1264 189 1329 llaec,
210 1262 308 1334 inquit,
328 1263 407 1319 tellus
416 1263 655 1336 quantulacunque
666 1273 712 1319 tua
721 1273 769 1318 est.

70 1341 105 1394 Et
114 1347 203 1394 tamen
213 1338 323 1408 hospitii
335 1346 466 1393 servasset
476 1339 509 1392 ad
522 1338 615 1393 ultima
626 1357 737 1405 munus,

109 1414 158 1469 sad
166 1413 258 1469 timuit
270 1429 381 1487 magnas
389 1414 571 1488 Pygmalionis
580 1430 654 1486 opes.

71 1491 155 1569 Signa
164 1495 333 1545 recensuerat
341 1488 383 1544 bis
394 1489 437 1545 Sol
448 1507 511 1544 sua:
532 1491 625 1545 tertius
636 1491 691 1544 ibat

109 1580 209 1630 annus,
229 1570 255 1619 et
263 1563 403 1620 exsulibus
413 1573 481 1620 terra
491 1566 603 1638 petenda
614 1583 682 1620 nova
691 1573 740 1619 ast.

71 1642 164 1695 Frater
173 1638 255 1704 adest,
276 1639 399 1712 belloque
408 1642 484 1713 petit.
514 1643 579 1706 Rex,
601 1658 673 1694 arma
685 1656 804 1710 perosus,

110 1717 272 1771 Nassumns
282 1715 413 1781 imbelles,
434 1715 537 1788 tuluga
546 1732 647 1785 sospes,
670 1715 715 1767 ait.

72 1793 150 1846 lnssa
160 1788 235 1856 lacit,
256 1798 389 1862 ventoque
398 1797 481 1844 ratem
491 1790 632 1845 committit
642 1797 667 1843 et
678 1788 769 1843 undis.

110 1864 629 1938 Asperiorquovisaeqnorafratererat.
834 1877 873 1916 osu

71 1943 121 1996 Est
130 1958 212 2015 prope
222 1942 339 2013 piscosos
353 1940 464 2014 lapidosi
475 1940 608 1997 Crathidis
618 1956 710 1996 nrnnes

110 2034 212 2089 parvus
222 2034 298 2091 ager:
319 2016 447 2073 Cameren
460 2016 545 2073 incola
556 2017 632 2072 turha
645 2022 729 2072 vocat.

73 2091 141 2148 Illuc
149 2110 247 2149 cursus
256 2100 320 2148 erat.
349 2094 403 2148 Nee
413 2093 519 2165 longius
531 2091 616 2146 abluit
625 2091 696 2154 inde,

111 2186 195 2241 quam
205 2176 337 2241 quantum
351 2169 443 2224 novies
453 2167 557 2221 mittere
567 2164 650 2220 funda
659 2172 752 2235 potest.

73 2243 138 2301 Vela
147 2243 246 2299 cadunt
255 2244 351 2316 primo,
372 2251 398 2298 al
406 2242 488 2297 dubia
499 2240 630 2296 librantur
640 2240 673 2294 ab
683 2256 757 2294 aura.
836 2251 873 2291 585

111 2319 217 2375 Findite
225 2320 350 2392 remigio,
371 2318 461 2374 navita
469 2317 552 2381 dixit,
574 2332 668 2387 aquas.

73 2396 199 2468 Dumque
208 2402 303 2466 parant
312 2402 379 2450 torto
389 2395 537 2449 subducere
546 2390 654 2445 carbasa
665 2389 729 2454 lino,

111 2471 259 2543 perentitur
268 2470 360 2541 rapido
370 2469 468 2541 puppis
479 2467 581 2536 adunca
591 2466 672 2521 Noto:

74 2545 159 2619 inque
169 2553 262 2617 patens
273 2562 380 2617 aequor,
401 2543 498 2599 frustra
509 2538 789 2615 pugnantemagistro,

112 2620 212 2677 fertur:
225 2628 300 2685 ‚etex
309 2620 394 2676 oeulis
403 2620 462 2675 visa
472 2616 569 2694 refugit
578 2616 696 2673 humus.
845 2620 893 2658 555

74 2695 211 2753 assiliunt
219 2694 323 2765 lucus,
345 2696 607 2777 imoqueagurgite
614 2700 726 2772 pontus
