1898 2970
95 152 98 157 ’
131 160 184 207 nx
202 160 334 208 rouro
353 162 407 210 nr.
427 162 543 211 nanu.
563 168 617 212 nr.
634 167 657 211 s.
717 145 765 211 ‘all

214 332 475 392 EPISTOLA
515 337 577 394 lx.

177 451 198 494 a
238 453 259 496 n
329 453 347 496 c
388 454 404 496 o
446 455 468 498 r
509 455 530 499 a
572 458 607 499 n.

278 541 332 590 (Nec
344 542 393 579 lanso
407 543 511 593 genuino.)

15 640 103 723 Regia
113 645 265 722 progenies,
286 648 329 704 oui
341 647 486 705 nobilitatis
496 649 571 725 origo

54 741 153 780 nomen
163 723 192 778 in
200 722 326 797 Eumolpi
337 725 457 796 pervenit
469 743 567 800 usqua,
587 725 669 801 Coty:

17 800 87 856 lama
100 798 201 872 loquax
209 808 311 856 vostras
321 801 345 854 si
354 800 408 856 iam
418 802 581 876 pervenitad
591 819 679 868 aures,

55 893 99 932 mo
107 876 158 931 tibi
168 874 277 931 finitimi
287 881 362 947 parta
370 875 455 933 iaoore
465 877 529 947 soli;

16 949 272 1026 suppliciaaxaudi,
292 952 423 1008 iuvenum
432 953 585 1020 mitissima,
608 972 713 1010 vocem:
810 967 822 1008 n

54 1043 194 1102 quamquo
202 1036 277 1100 potas
286 1027 400 1104 profugo
409 1029 482 1103 (nam
490 1031 575 1104 potas)
584 1029 648 1086 atior
657 1047 746 1103 opum.

15 1105 59 1162 lla
68 1105 186 1161 Fortuna
196 1104 246 1160 tibi
255 1103 297 1179 (de
306 1123 360 1177 qua
370 1105 444 1179 quod
456 1122 509 1161 non
521 1119 627 1178 queror,
649 1107 699 1161 hoo
709 1106 769 1174 est)

53 1179 173 1245 tradidit,
195 1180 244 1237 hoc
256 1198 311 1237 uno
321 1199 374 1238 non
385 1181 494 1238 inimica
505 1182 583 1238 mihi.

15 1256 119 1330 Exolpa
129 1254 301 1332 naufragium
311 1276 364 1315 non
374 1258 442 1314 duro
453 1257 539 1315 littore
550 1265 680 1324 nostrum,

55 1350 90 1390 ne
98 1331 180 1389 fuerit
188 1341 256 1390 tarra
266 1333 347 1391 tutior
357 1332 430 1389 unda
443 1342 498 1389 tua.
797 1346 822 1389 ta

16 1410 115 1486 Regia,
136 1409 212 1466 creda
221 1409 303 1476 mihi,
324 1417 426 1476 rasost,
447 1427 602 1467 succurrere
612 1411 708 1485 lapsis:

54 1484 310 1554 eonvenitettanto,
331 1495 487 1563 quantuses
501 1487 568 1561 ipse,
588 1489 656 1546 viro.

16 1564 166 1622 Fortunam
175 1561 248 1619 daoet
256 1563 307 1621 hoo
314 1563 408 1621 istam:
420 1582 490 1639 quae
500 1564 617 1621 maxima
627 1583 712 1638 quum
723 1565 766 1627 sit,

56 1655 116 1695 asse
124 1646 210 1711 potest
218 1639 366 1698 animovix
374 1648 464 1697 tamen
474 1659 559 1714 aequa
571 1650 626 1697 tuo.

16 1714 190 1789 Conspicitur
200 1733 340 1789 nunquam
350 1716 459 1773 meliore
468 1717 584 1787 potentia
597 1733 701 1781 caussa,
798 1726 823 1767 15

53 1808 140 1865 quiam
150 1790 254 1864 quoties
263 1810 346 1850 vanas
357 1810 410 1849 non
421 1792 487 1847 sinit
496 1809 554 1846 assa
563 1805 663 1862 preces.

16 1868 73 1926 1100
83 1868 154 1925 nitor
163 1869 213 1923 iste
222 1871 261 1925 tui
271 1869 377 1944 gonaro
387 1867 531 1935 desidorat;
553 1866 653 1923 honest

54 1962 70 2001 a
80 1943 190 2017 Superis
200 1954 270 2000 ortas
280 1945 426 2002 nobilitatis
435 1961 514 2017 opus.

17 2020 74 2078 Hoc
84 2020 134 2076 tibi
144 2029 171 2075 at
179 2019 344 2093 Eumolpus,
364 2020 469 2096 generis
480 2019 647 2076 clarissimus
657 2026 757 2089 auctor,

55 2103 83 2153 et
92 2096 307 2169 priorllumolpo
316 2098 410 2154 suadet
418 2095 621 2153 Erichthonius.
797 2108 822 2151 20

17 2173 74 2229 lloc
82 2181 171 2229 tasum
180 2173 403 2231 communedais:
424 2171 498 2246 quod
506 2172 615 2246 utrique
627 2171 710 2245 rogati

57 2248 230 2323 supplicibus
241 2249 336 2306 vostris
346 2249 414 2305 ferra
422 2248 512 2305 soletis
522 2265 611 2321 opem.

18 2326 88 2381 Nam
97 2324 165 2399 quid
175 2326 239 2393 erit,
260 2344 342 2399 quara
352 2325 429 2381 solito
440 2325 585 2400 dignamur
594 2322 693 2380 honora

55 2401 179 2467 numina.
201 2402 224 2456 si
236 2402 328 2458 damas
338 2401 406 2459 valla
416 2402 508 2457 iuvare
518 2398 600 2456 daos‘l

16 2477 120 2552 lapitar
128 2478 214 2535 oranti
228 2477 324 2535 surdas
334 2479 358 2534 si
368 2478 491 2551 praebeat
503 2485 592 2543 auras,
797 2487 822 2531 25

54 2553 166 2611 viotima
175 2570 225 2627 pro
235 2553 333 2627 templo
343 2573 391 2610 cur
401 2553 477 2610 cadat
486 2554 537 2609 iota
547 2550 637 2611 Iovis?

15 2630 44 2688 Si
54 2646 149 2703 paoem
160 2629 263 2687 nullam
273 2638 371 2704 pontus
381 2629 448 2686 mihi
458 2637 572 2700 praestat
583 2629 667 2696 eunti,

55 2707 131 2763 irrita
141 2707 267 2781 Neptuno
276 2723 325 2764 our
333 2724 382 2784 ego
392 2715 451 2766 tura
462 2705 564 2764 lamna?
