1898 2970
93 154 142 209 itt
186 161 212 204 P.
234 157 362 203 ovlntt
381 158 462 204 NAS.
487 156 740 223 FRAGMENTA.

91 280 120 316 re
130 276 211 315 uxore
221 266 325 323 necata,
345 276 435 313 socero
451 275 544 313 caussa
556 259 608 312 sim
622 259 762 315 orbitatis?
780 264 838 318 Dis-

90 336 181 390 cedam
205 342 231 387 et
251 334 372 389 civitate:
393 333 510 406 tugiam:
531 333 674 389 exsulabo:
703 344 838 411 utcunque

92 420 195 483 potero,
206 409 369 462 desiderium
387 410 482 463 nrisera
492 418 518 462 et
528 409 628 463 crudeli
643 413 771 480 patientia
781 432 838 486 per·

92 480 185 541 leram.
218 485 341 547 llorerer,
363 484 386 536 si
398 483 470 538 solus
481 485 627 539 moriturus
638 502 734 541 essem.

147 578 179 631 ln
189 580 275 630 codice
288 580 476 644 poeniatiorum
491 586 604 630 rreterurn
622 580 695 646 lonae
710 585 837 650 antiquis-

92 659 171 715 simo,
194 669 266 720 quem
281 656 351 718 apud
374 653 398 704 l'.
420 655 451 704 cl.
472 652 575 705 Petram
594 651 757 708 Soricariam
776 662 835 719 eidi,

94 728 187 783 Ouidio
197 730 242 779 troc
253 731 412 794 epiprnranaa
425 730 548 779 irreditam
558 731 765 793 adscribebantur,

131 821 185 874 lam
193 817 306 871 uitirlum
318 815 738 886 liquidisl’lroebusiubariutulit
748 821 834 886 undis,

168 893 302 948 emeritam
314 909 445 945 ruuovaas
456 891 570 965 Tethyos
580 910 659 948 amne
669 891 764 949 lacem.

130 969 205 1024 Astra
217 966 289 1021 subit
300 966 384 1020 niveis
395 966 497 1020 Phoebe
512 967 638 1039 subvecta
651 967 783 1036 iuvencis

168 1043 240 1098 mitis
250 1051 274 1095 et
288 1041 401 1095 aetherio
412 1040 509 1095 labitur
519 1058 567 1096 axe
580 1060 673 1113 sopor:

130 1118 255 1173 alludunt
265 1118 345 1170 terreri
357 1116 478 1170 tremulis
492 1133 554 1170 cum
567 1119 699 1172 matribus
711 1120 781 1193 agui,

153 1191 328 1262 lacteolasque
338 1191 441 1245 animas
453 1191 551 1246 lacteus
562 1192 659 1247 humor
671 1194 726 1248 alit.

96 1286 125 1337 ln
133 1289 218 1337 euclem
230 1288 315 1337 coelice
324 1287 481 1352 Arpanrenta
494 1288 619 1337 librorum
636 1286 837 1353 Virpilianornnr

93 1367 182 1412 nostro
196 1364 273 1411 etiam
287 1362 514 1420 adscribebantur,
543 1368 572 1412 nt
590 1367 615 1412 et
634 1364 663 1412 in
676 1365 766 1415 nrultis
779 1366 837 1415 aliie

93 1436 285 1499 exemplaribus
299 1438 418 1496 vetustis,
448 1451 514 1502 arrae
529 1438 591 1488 vicli.
630 1434 682 1488 Sed
693 1454 836 1503 perperam.

93 1509 208 1576 Denique
222 1513 250 1560 in
265 1514 372 1575 antiqno
387 1512 453 1561 libro
466 1508 571 1576 Georpii
580 1509 707 1573 Fabricii,
729 1516 775 1566 boc
786 1517 838 1580 epi-

92 1601 211 1651 prannnu
221 1588 252 1635 <le
266 1583 388 1635 Lucretio
397 1583 509 1636 Nasonis
519 1601 609 1637 laomen
620 1590 770 1647 ostentabat,

131 1674 197 1729 Cum
210 1673 307 1728 forleret
320 1672 387 1726 lerro
396 1682 498 1726 castum
512 1675 632 1727 Lucretia
642 1683 742 1744 pectus,

168 1750 308 1820 sanguinis
321 1758 346 1800 et
359 1756 458 1802 torrens
469 1749 646 1821 egrederetur,
667 1751 716 1813 ait}

131 1824 273 1895 proccrlaut
283 1833 370 1886 testes,
391 1841 433 1876 me
444 1841 496 1877 uon
507 1824 639 1893 placuisse
649 1833 771 1898 tyranno,

168 1907 228 1953 ante
239 1904 326 1952 virum
339 1898 464 1970 sauguiS‚
486 1901 596 1969 spiritus
607 1908 668 1953 aute
677 1901 750 1955 deos.

93 1995 144 2045 Seri
162 1998 296 2045 ramsub's.
327 1991 394 2043 ll'arn
409 1994 470 2044 illas
483 1995 836 2058 ineptissimarumbantinum

93 2073 124 2119 ‹le
143 2068 240 2129 Paelice,
270 2067 423 2127 l'bilonrela,
454 2074 477 2119 et
500 2071 540 2120 bis
558 2069 656 2120 sinaites
677 2084 761 2134 napus
782 2074 837 2136 quis

95 2142 188 2194 Ouidio
205 2145 321 2194 adscribi
335 2144 464 2207 patienter
479 2151 525 2194 ant
545 2159 626 2209 aequo
645 2146 733 2194 animo
750 2141 838 2210 serat?

96 2215 206 2268 Carmen
230 2226 306 2268 etrrrnr
330 2217 516 2282 l'anepprieum
539 2221 573 2268 arl
596 2217 712 2268 Pisonem
731 2223 766 2271 ad
784 2221 839 2271 alia

95 2305 146 2340 rana
158 2296 314 2344 castratura
327 2295 422 2358 optineo
433 2296 561 2344 transicit.
609 2291 725 2347 Helas.
