1898 2970
144 198 191 250 luo
333 202 364 249 P.
384 201 512 249 OVIDll
529 198 698 247 morere

142 296 224 359 Clare
233 319 316 374 nepos
325 302 454 371 Atlantis,
477 302 550 368 sdes,
569 316 651 374 quem
661 298 853 357 mortibusolit

179 376 390 434 ediditrlreediis
399 379 486 435 Pleias
496 395 550 434 unu
560 376 630 434 lori:

88 466 127 509 ees
142 454 216 527 pecie
226 460 251 507 et
260 470 397 510 armorum
406 454 516 527 Superis
526 453 643 525 imisque
651 450 766 508 deorum

180 527 288 594 arbiter,
308 527 675 602 elatoquipsdeeerpisiter‚
792 532 797 547 '

144 604 209 658 laete
220 603 292 678 lyrae
304 604 401 676 pulsu,
420 602 504 659 nitide
513 619 623 675 quoque
636 601 701 658 laete
710 601 853 675 peleestrs:

181 697 236 752 quo
245 678 338 734 didicit
347 677 417 735 culte
427 677 520 752 lingua
533 675 638 733 livente
648 676 738 751 loqui:

39 762 50 786 ⁸
144 754 242 826 temple
252 754 300 809 tibi
312 770 424 826 posuere
432 754 522 809 Petres
532 752 677 826 spectantis
686 752 798 808 Circum

91 842 130 885 stu
183 830 285 885 ldibus.
314 830 356 885 Ex
367 828 413 885 illo
422 836 462 883 est
471 828 536 884 haee
547 828 596 883 tibi
608 826 673 883 leste
682 826 750 883 dies.

145 907 191 972 Te,
212 906 369 977 quicunque
378 921 443 959 sues
452 903 610 976 profitentur
620 902 735 959 vendere
745 918 853 967 meroes,

184 980 326 1046 turedatu‚
347 980 450 1035 tribues
461 978 552 1035 utsibi
566 976 655 1044 luere,
676 986 783 1053 regent.

146 1055 195 1110 Est
204 1072 274 1127 aque
283 1055 407 1110 llereurii
416 1063 507 1127 pertse
516 1053 605 1109 vicine
614 1053 750 1126 Capenae:

183 1130 205 1184 si
217 1130 292 1184 iuvat
300 1130 415 1199 expertis
425 1129 539 1196 credere.
560 1146 662 1185 numen
674 1128 765 1184 hebet.

92 1215 131 1259 ⁶75
146 1205 204 1260 lluc
213 1202 429 1258 venitincinctus
438 1204 527 1260 tunice
537 1211 681 1274 merentem
700 1210 806 1261 sturm

185 1296 270 1350 purus
279 1276 384 1345 suffita,
404 1279 578 1352 quemlerut‚
598 1278 689 1335 haurit
697 1296 809 1353 uquam.

147 1354 203 1409 Uda
214 1353 244 1408 lit
253 1352 317 1409 hine
326 1353 433 1412 leurus:
455 1354 530 1411 leuro
540 1362 704 1429 sparguntur
715 1355 751 1411 ab
758 1354 812 1411 ude

185 1428 284 1494 omnir,
306 1445 376 1502 ques
384 1430 507 1486 dominos
516 1437 580 1486 suut
592 1429 716 1486 habiture
727 1447 820 1486 noves.

147 1505 255 1580 spargit
265 1512 291 1559 et
299 1504 358 1576 ipse
367 1523 431 1560 suos
441 1505 516 1561 lauru
525 1511 630 1561 rorante
638 1503 764 1577 capillos:

94 1593 134 1637 stu
185 1588 211 1636 et
219 1580 322 1654 peragit
330 1579 406 1635 solite
418 1579 507 1635 fallere
516 1596 580 1636 νοω
588 1596 690 1653 preces.

149 1656 236 1713 Ablue
248 1655 379 1729 praeteriti
393 1656 510 1729 periuria
522 1655 663 1727 temporis,
684 1653 784 1728 inquit.

187 1732 275 1788 Ablue
282 1730 421 1809 praeterita
430 1730 531 1805 perfida
541 1731 621 1786 verbe
631 1730 685 1786 die.

149 1808 212 1865 Sive
221 1808 362 1882 egoteleci
372 1816 476 1875 testem,
498 1805 685 1863 lelsoreeitevi

187 1901 242 1937 non
251 1882 368 1938 audituri
379 1884 492 1939 numine
503 1899 571 1939 vene
581 1882 666 1952 lovis3

96 1970 134 2010 eru
150 1957 208 2012 sive
216 1955 296 2010 deum
306 1956 425 2026 prudens
433 1957 519 2014 alium
528 1957 652 2014 divemve
661 1953 756 2024 ielelli3
846 1992 849 1997 -

188 2029 346 2085 abstulerint
354 2030 451 2086 celeres
461 2033 583 2106 improbe
596 2032 675 2091 verba
684 2030 756 2087 Noti.

150 2107 184 2161 Et
196 2113 303 2178 pereant
312 2105 434 2162 veniente
442 2106 485 2164 die
494 2109 610 2182 periuris
621 2106 712 2164 nobis:

189 2200 237 2236 nec
245 2190 339 2238 curent
348 2180 458 2256 Superi,
479 2185 502 2240 si
512 2202 566 2258 qus
577 2183 681 2239 locutus
693 2199 749 2238 ero.

151 2258 188 2312 Da
199 2257 277 2312 modo
287 2256 360 2314 lucre
370 2260 453 2326 mihi,
474 2259 507 2315 da
521 2259 587 2315 lecto
597 2258 695 2333 gaudie
706 2257 794 2315 luero:

97 2343 136 2385 eeu
189 2340 214 2386 et
227 2330 295 2397 face,
317 2341 347 2388 ut
356 2333 450 2390 emtori
460 2334 540 2390 verbu
550 2333 655 2390 dedisse
664 2334 747 2390 iuvet.

152 2406 224 2463 Talis
235 2406 383 2464 Mercurius
393 2416 530 2482 poscentes
541 2409 608 2464 ridet
617 2409 651 2464 eb
661 2409 724 2474 alto,

190 2499 218 2536 se
228 2499 329 2538 mernor
339 2483 462 2559 Ortygias
473 2483 637 2555 surripuisse
644 2483 733 2538 boves

134 2626 383 2714 Atmr'lrr'paude‚
404 2655 518 2716 preour,
538 2641 616 2691 unio
623 2630 853 2701 melrsrspeuuu,

163 2715 197 2775 1'12
210 2719 350 2778 Geminos
362 2736 399 2776 ex
408 2736 473 2795 quo
485 2724 614 2788 tempure
620 2705 756 2762 Plreeliue
762 2708 822 2753 est.
845 2798 848 2803 Ι
