1898 2970
143 169 193 225 {78
334 177 363 223 P.
384 176 513 224 OVIDII
530 176 700 224 NASONIS

180 277 273 333 debeat
282 282 312 331 ut
321 275 438 333 lacrimis
449 276 542 334 nullus
552 276 643 333 adesse
653 276 761 333 modus.

142 353 242 408 Atmea
252 361 329 416 sunt,
350 354 458 426 proprio
467 351 592 427 quamvis
602 353 780 410 moestissima
791 368 860 417 essu,

89 437 113 482 tn
180 437 296 500 tempora
307 428 426 501 prosectu
436 429 502 485 lecta
515 446 608 485 serens
619 438 675 485 tuo.

142 505 196 559 lloe
206 503 254 558 tibi
268 512 411 560 venturum
422 505 476 560 inm
487 511 560 572 tum,
580 505 729 570 carissime,
750 505 818 561 vidi.

182 578 258 633 terret
268 579 357 634 adhue
368 580 447 634 istam
456 597 543 654 quum
557 581 646 636 minor
655 597 720 636 nura
730 588 823 636 ratem.

144 654 205 709 Sive
214 654 323 727 aliquod
334 672 455 722 morum,
475 673 523 711 seu
535 656 605 711 vitae
615 655 674 711 labe
685 657 801 712 carentis

181 739 221 785 est
231 731 361 802 pretium:
383 747 461 786 nemo
473 730 561 804 pluris
575 730 705 786 emendus
715 739 781 786 eret.

90 816 115 861 45
144 805 206 860 Sive
219 824 265 878 per
274 806 406 881 ingenuas
416 805 515 878 aliquis
527 815 608 879 caput
616 805 713 862 extulit
721 815 806 878 artes3

182 882 316 954 quaelibet
325 880 431 954 eloquio
441 882 471 936 nt
481 882 551 938 bona
561 899 656 937 caussa
669 889 726 938 tuo.

145 958 193 1011 llis
206 976 254 1031 ego
264 965 422 1024 commotus¹
444 957 500 1013 dixi
512 957 560 1013 tibi
570 959 692 1030 protinus
703 957 770 1030 ipsi3

181 1032 264 1088 Scene
274 1040 364 1088 manet
372 1032 446 1089 dotes
454 1033 574 1108 grandis,
595 1033 689 1098 amice,
710 1041 782 1089 tuns.

144 1109 198 1164 lloc
208 1106 275 1162 mihi
287 1125 338 1163 non
349 1110 442 1164 ovium
453 1109 544 1175 librae,
566 1108 713 1164 tonitrusve
723 1110 838 1176 sinistri,

90 1195 117 1239 55
182 1181 309 1256 linguave
318 1189 436 1238 servatae
444 1199 566 1256 pennave
576 1183 644 1238 dixit
654 1184 726 1239 avis:

145 1258 290 1331 angurium
304 1257 370 1313 ratio
378 1265 419 1314 est
427 1264 453 1313 et
461 1259 612 1314 coniectura
623 1258 720 1314 futuri:

184 1332 373 1398 hacdivinavi‚
395 1334 570 1406 notitiamque
580 1334 640 1388 tuli.

146 1408 219 1476 Quae
229 1408 359 1480 quonlam
368 1426 430 1464 vern
441 1418 495 1479 est;
517 1417 569 1466 tote
578 1409 647 1464 mihi
658 1417 748 1465 mente
759 1411 864 1485 tibique

182 1482 316 1559 gratulor,
337 1484 477 1558 ingenium
491 1502 544 1541 non
555 1485 663 1540 latuisse
673 1493 763 1541 tuum.

91 1574 116 1616 55
146 1559 179 1615 At
192 1567 313 1616 nostrum
323 1559 439 1616 tenebris
449 1560 554 1615 utinam
566 1559 686 1615 latuisset
695 1561 722 1616 in
734 1562 812 1617 imis!

182 1635 307 1707 Expediit
320 1635 416 1691 studiis
427 1634 519 1691 lumen
529 1637 621 1692 abesse
630 1636 708 1691 meis.

146 1713 233 1786 thue
244 1711 291 1768 tibi
301 1717 415 1785 prosunt
423 1718 501 1778 artes,
522 1711 645 1779 facunde,
665 1727 782 1780 severae,

184 1787 330 1844 dissimiles
340 1786 394 1844 illis
406 1788 445 1844 sie
454 1804 567 1845 nocuere
580 1787 658 1842 mihi.

146 1865 205 1920 Vita
220 1873 306 1920 tamen
319 1865 367 1920 tibi
377 1872 439 1922 note
449 1881 508 1921 men
519 1871 572 1919 est:
593 1862 647 1918 scis
657 1862 760 1918 artibus
771 1862 828 1920 illis

92 1950 117 1994 55
183 1940 297 1993 auctoris
309 1957 395 1995 mores
405 1939 567 1997 abstinuisse
575 1939 629 1995 sui.

147 2015 203 2069 Scis
217 2022 293 2069 vetus
304 2016 353 2070 hoc
363 2016 455 2071 iuveni
465 2014 557 2071 lusum
567 2014 635 2070 mihi
644 2030 767 2070 carmen:
783 2023 810 2070 el
819 2015 892 2079 istos,

183 2097 274 2145 utnon
288 2090 447 2159 laudandos,
469 2091 606 2147 siotemen
618 2089 767 2147 esseiocos.
879 2090 882 2095 '

146 2164 216 2237 Ergo
227 2174 257 2219 ut
267 2165 371 2222 delendi
383 2166 457 2223 nullo
467 2184 525 2223 men
536 2184 614 2239 posse
623 2165 717 2233 colore,

184 2240 222 2292 sic
232 2243 353 2297 excusari
363 2243 475 2298 crimina
485 2258 564 2315 posse
574 2249 647 2314 puto.

92 2323 118 2366 55
146 2312 204 2380 Qua
216 2323 298 2385 potes,
320 2335 432 2386 ‹sicusn⁴
455 2334 503 2373 nee
513 2319 593 2373 amici
603 2317 694 2372 desere
703 2332 840 2374 caussam.

184 2388 243 2455 Quo
253 2391 320 2446 hene
329 2393 448 2466 coepisti,
470 2393 509 2446 sie
519 2392 585 2464 pede
594 2409 699 2465 semper
708 2409 762 2448 eas.

346 2509 586 2567 ELEGIA
644 2513 690 2568 X·

137 2600 284 2680 Estmilri,
306 2612 405 2688 sitque,
427 2631 536 2691 presor,
555 2613 879 2676 llernelntelsllinervss

164 2689 266 2764 nsvin
288 2699 339 2752 ets
353 2694 426 2754 victe
437 2689 549 2754 casside
556 2706 661 2747 nemen
668 2690 766 2744 lissei.

13 2912 153 2946 *a
