1898 2970
169 213 221 260 EX
238 211 373 261 PONTO
391 213 447 262 ΕΡ.
466 214 536 262 LIB.
552 215 596 261 111.
616 215 673 263 ΕΡ.
687 214 713 261 5.
762 207 807 261 ddi

104 312 176 371 dieta
184 312 234 371 asi
240 313 323 388 piene
330 315 412 372 verba
420 312 518 371 disesia
528 313 598 384 ioro;

67 406 148 466 quae,
167 404 335 464 quamquem
345 389 439 467 lingua
452 389 520 447 mihi
531 397 595 447 sunt
603 398 759 522 properante
767 407 815 464 per

623 483 682 524 oras

106 540 365 609 leetasatismultas,
417 558 467 599 aea
477 541 561 599 fuisse
570 559 677 615 queror.
716 583 720 590 .
845 552 870 594 1⁰

70 558 591 706 Pluramhaeekdressgendosaem3
613 634 792 690 necunquam

106 693 172 748 haee
183 691 262 762 mihi,
282 707 471 766 quamprimo,
491 701 565 769 grata
576 691 649 749 fuere
659 695 767 750 minus:

68 785 211 843 quumque
220 782 270 833 spa
279 769 354 824 toties
364 768 433 824 nihil
447 767 611 825 eduieedine
620 768 740 842 perdant,

106 844 213 900 viribus
223 843 268 899 ilia
278 844 347 912 suis,
368 844 558 911 manuviae,
577 843 692 917 placent.

68 919 182 986 Feliees,
222 917 448 992 uibusiiaeeipeo
456 921 653 994 eognoseerein
666 928 736 984 actu,
846 928 871 970 15

107 937 320 1052 ettamiaeundo
328 993 439 1070 contigit
448 1012 491 1051 ore
503 992 571 1050 frui!
751 998 753 1003 '

70 1072 140 1127 Nam
149 1086 317 1145 quamquam
326 1086 405 1143 saper
414 1077 454 1126 esi
463 1069 540 1126 allata
550 1069 637 1127 dulcis
648 1069 676 1127 in
686 1069 768 1135 unda,

108 1146 212 1222 gratius
221 1163 255 1203 ex
263 1146 323 1220 ipso
332 1145 404 1202 iente
412 1146 544 1203 bibuntur
552 1163 653 1219 aquae:
729 1193 732 1197 J

70 1230 97 1278 et
106 1223 194 1298 magis
206 1221 320 1278 adducto
331 1238 443 1294 pomum
452 1221 590 1296 decerpere
604 1238 688 1286 ramo,

109 1315 193 1370 quam
202 1296 236 1353 de
245 1297 343 1353 caelata
352 1312 458 1353 sumere
467 1296 542 1353 lance
551 1298 634 1354 iuvat.
847 1309 872 1353 2⁰

71 1372 107 1429 At
116 1373 169 1431 nisi
181 1389 344 1446 peeeassem,
364 1374 418 1429 nisi
428 1390 471 1428 me
480 1389 539 1429 mea·
548 1374 625 1430 Musa
638 1371 765 1450 fugasset,

110 1447 255 1524 quodlegi‚
276 1456 322 1504 tua
332 1465 385 1506 vex
395 1448 562 1507 exhibuisset
570 1466 653 1523 opus:

72 1531 158 1598 utque
167 1522 207 1580 ini
216 1522 322 1590 solitus,
342 1523 472 1580 sedissem
485 1523 595 1583 forsitan
605 1543 678 1583 unus

110 1600 143 1655 de
152 1607 260 1656 eentum
269 1600 352 1658 iudex
364 1601 449 1657 intua
463 1598 543 1657 verba
553 1601 636 1658 viris:

72 1675 158 1732 maior
168 1682 194 1731 at
202 1673 339 1750 implesset
348 1676 501 1750 praeeordia
509 1683 599 1733 nostra
608 1675 741 1751 voluptas,
848 1688 873 1730 25

111 1750 177 1807 dum
186 1751 302 1808 traherer
314 1753 392 1809 dictis
402 1769 602 1825 adnueremque
612 1751 676 1807 tuis.

73 1827 160 1895 Quem
170 1827 297 1901 quoniam
307 1827 402 1895 iatum,
422 1829 507 1900 patria
516 1828 649 1902 vobisque
659 1824 766 1893 relictis,

110 1902 179 1959 inter
189 1903 351 1960 inhumanos
362 1903 457 1960 maluit
467 1920 526 1960 esse
535 1904 629 1962 Getas:

73 1977 225 2050 quodlicet,
247 1988 277 2035 ut
285 1979 376 2036 videar
384 1989 473 2036 tecum
483 1980 570 2055 magis
579 1996 637 2036 esse
647 1978 766 2054 legendo,

111 2070 199 2127 saepe,
219 2073 325 2127 precer,
341 2055 546 2131 studiipignora
556 2056 631 2111 mitia
639 2055 694 2110 tui:
848 2064 873 2108 sa

73 2128 249 2203 exemploque
258 2148 326 2198 meo,
348 2131 400 2186 nisi
409 2131 561 2207 dedignaris
572 2133 600 2188 id
610 2131 710 2205 ipsum,

111 2213 198 2261 utere:
219 2206 379 2280 quodnobis
388 2208 486 2263 rectius
496 2207 554 2282 ipse
568 2207 655 2264 dares.

74 2280 265 2370 Napsqueege,
275 2283 323 2356 qui
334 2283 400 2358 perii
410 2282 463 2372 ipm
472 2283 588 2359 pridem,
598 2281 724 2350 Maxime,
734 2282 821 2349 vebis,
882 2278 888 2289 ‘

74 2365 741 2522 Roffieppgeptprnfflmnffiffimlaboris
848 2443 873 2486 35

113 2516 365 2580 aecipiantnostrae,
384 2518 457 2588 grata
468 2510 568 2578 futura,
588 2528 696 2569 manus.

75 2582 229 2652 Dietamen,
251 2585 551 2647 oiuvenisstudiorum
559 2584 797 2666 dammam,

104 2659 245 2742 wquidsb
255 2660 300 2718 iiis
309 2662 380 2739 ipsis
391 2665 564 2728 admoneare
576 2664 656 2728 mda‘i
803 2723 837 2737 ..

49 2725 208 2801 [quwhus
217 2745 269 2798 eui
276 2742 382 2804 recitas
393 2745 511 2812 factum
518 2746 612 2812 modo
621 2738 886 2807 mammea
