1898 2970
144 152 194 249 Mi
322 197 353 242 P.
374 192 502 242 ovmn
524 194 692 242 NASONIS

180 305 227 356 aut
236 297 314 356 solito
323 295 428 354 olausos
438 314 515 353 ursis
523 296 552 352 in
562 313 622 352 aera
631 296 714 354 viros.

143 372 239 432 Desine
250 374 344 430 mitam
356 373 479 429 animum
485 390 555 429 vano
568 369 700 429 infamare
713 372 819 443 timone.

180 449 263 508 Saava
273 449 340 524 quid
352 448 381 505 in
389 448 502 523 plaoidis
511 464 575 504 saxa
585 448 686 504 voraris
695 446 795 528 aquis?

90 533 116 582 ta
143 527 203 601 Ipso
212 543 271 601 ego,
292 524 366 600 quod
374 526 463 598 primo
472 523 567 597 scripsi
576 522 636 579 sino
646 525 756 581 nomine
765 525 857 594 vobis,

181 601 229 658 vix
241 599 363 658 oxansari
372 617 451 673 posse
460 600 529 656 mihi
538 598 638 656 videor.

145 678 197 735 Sod
210 695 294 751 pavor
303 678 412 733 attonito
422 676 533 732 rationis
543 674 677 731 ademerat
686 692 785 733 usum:

182 760 296 810 cesserat
304 768 383 810 omns
393 768 470 807 novis
479 750 679 824 consiliumque
688 751 783 821 malis3

146 830 334 902 fortunamque
344 844 430 884 meam
441 834 574 909 metuens,
594 837 650 883 non
660 826 778 884 vindicis
788 828 867 892 iram,

90 917 117 960 tt
182 905 298 961 torrebar
307 903 378 960 tituli
391 903 509 960 nominis
525 904 583 975 ipso
591 903 655 958 mei.

146 983 279 1038 Hactenus
289 980 441 1036 admonitus
451 979 563 1036 memori
573 977 688 1035 concode
697 981 800 1052 po‘atao,

183 1063 265 1130 ponat
273 1063 304 1112 ut
314 1056 343 1111 in
354 1055 453 1112 chartis
463 1054 573 1111 nomina
582 1071 642 1111 oara
652 1053 722 1111 suis.

147 1134 236 1204 Turpe
246 1132 296 1187 orit
305 1131 447 1198 ambobus,
468 1130 549 1207 longo
560 1130 629 1186 mihi
639 1131 783 1204 proximus
796 1150 849 1191 usu

185 1209 209 1264 si
220 1207 295 1264 nulla
305 1207 366 1263 libri
376 1214 450 1280 parta
459 1205 545 1282 legere
555 1205 618 1262 moi.

91 1295 117 1338 tt
146 1285 185 1340 Ne
195 1291 284 1339 tamon
294 1284 344 1338 isto
353 1291 441 1338 metus
451 1300 560 1340 somnos
571 1281 622 1338 tibi
631 1296 759 1357 rumpam
767 1285 862 1357 possit,

183 1358 327 1425 nonultra‚
348 1360 494 1432 quamvis,
514 1357 719 1428 officiosuser03

146 1441 337 1509 toquetegam‚
357 1436 406 1506 qui
423 1436 476 1503 sis,
498 1435 551 1491 nisi
564 1452 652 1508 quum
665 1432 899 1510 permiseris'ipso.

184 1509 298 1586 Cogotur
307 1526 386 1566 nomo
394 1527 496 1566 munus
506 1511 604 1566 habore
618 1527 721 1567 meum.
879 1530 883 1540 ¹

147 1589 188 1643 Tu
197 1585 286 1652 modo,
307 1603 389 1659 quem
400 1594 503 1657 poteras
514 1584 556 1642 vel
570 1592 659 1659 aperta
668 1593 745 1642 tutus
756 1606 855 1656 amaro,

93 1677 118 1720 ao
184 1663 208 1718 si
218 1680 260 1719 res
270 1670 310 1719 est
320 1679 417 1733 anceps
427 1663 490 1728 ista,
510 1661 620 1718 latenter
629 1680 700 1719 ama.

325 1885 591 1945 EPISTOLA
645 1886 723 1941 vil.

277 2007 295 2048 n
337 2007 358 2049 n
449 2006 470 2048 a
510 2007 534 2048 m
571 2004 582 2046 1
621 2006 639 2047 c
680 2006 697 2046 o
739 2005 767 2049 s.

155 2111 245 2178 Verba
255 2120 323 2177 mihi
333 2120 431 2175 dosunt
441 2116 533 2173 eadam
543 2123 597 2173 tam
608 2134 687 2190 saepo
695 2122 811 2194 roganti,

187 2198 296 2270 iamque
305 2197 387 2269 pudet
396 2212 479 2252 vanas
490 2193 544 2249 tino
553 2211 640 2250 carere
650 2211 751 2266 proces.
846 2194 849 2199 ’

151 2271 247 2325 Taedia
257 2271 391 2328 consimili
401 2270 458 2327 fieri
469 2270 502 2325 da
515 2270 633 2326 carmine
643 2270 731 2337 vobis,

188 2345 309 2418 quidque
317 2356 415 2420 petam,
435 2353 546 2401 cunctos
556 2346 696 2402 edidicisse
706 2365 779 2404 reor:

96 2434 107 2475 t
151 2428 293 2492 nostraque
303 2423 368 2494 quid
376 2429 463 2512 portet
472 2421 527 2476 iam
538 2423 622 2478 nostis
632 2422 754 2497 epistola,
773 2427 901 2498 quamvis

188 2496 278 2551 charta
287 2497 322 2552 sit
331 2516 347 2552 a
357 2497 452 2554 vinclis
463 2516 517 2554 non
528 2497 654 2554 labefacta
664 2500 734 2555 suis.

151 2572 222 2646 Ergo
231 2577 349 2627 mutetur
361 2574 452 2649 scripti
462 2573 591 2630 sententia
603 2575 697 2642 nostri,

191 2664 224 2702 ne
232 2647 307 2703 toties
317 2656 416 2714 contra,
437 2667 520 2722 quam
530 2651 599 2721 rapit
609 2650 708 2717 amnis,
729 2669 799 2706 eam.

152 2721 350 2794 andbonade
360 2723 437 2781 vohis
450 2726 568 2801 spotaoi,
586 2727 728 2802 ignoscito„
746 2727 841 2788 amicit
