1898 2970
147 164 196 217 438
329 168 358 213 Ρ.
380 166 508 213 ov1u11
525 167 698 215 NAeomc

144 273 178 326 Et
185 279 288 344 praeter
296 285 398 340 pennae
408 269 476 324 nihil
485 270 514 324 in
522 285 628 342 pavone
637 269 770 342 placebat.

183 362 230 401 nec
239 343 318 400 tellus
327 351 417 416 ceptae
426 344 535 401 miserat
544 352 605 400 aute
615 344 699 402 ierac.

144 422 197 477 Sus
207 429 262 475 erat
272 421 300 475 in
310 421 408 492 pretio:
427 436 504 477 caesa
513 437 562 475 sue
571 419 638 475 festa
647 419 784 479 celebant.

91 511 130 554 tac
182 497 261 551 Terra
271 494 345 551 sabaa
356 504 458 551 tautum
467 494 589 567 duraque
597 494 669 551 farra
677 494 771 552 dabat.

145 570 218 638 Quae
228 571 282 627 duc
292 571 371 626 mista
383 569 465 625 simul
476 571 559 626 sextis
568 569 730 643 quicunque
737 570 813 627 Kuiaz

183 647 279 712 ederit,
300 646 364 702 huic
374 644 441 700 laedi
451 645 762 721 viscerapoaeeuegant.

146 722 212 777 Arce
221 738 329 794 quoque
339 720 366 774 in
378 737 486 775 summa
495 721 592 776 Iunoni
602 720 702 792 templa
713 722 813 779 Monta

183 815 216 852 ex
227 804 286 851 voto
297 794 534 862 memorantem,
555 794 683 861 Camillo,
704 804 763 854 tuo.

91 885 131 929 185
146 875 214 929 Ante
223 872 319 928 domus
328 870 411 928 Manli
423 869 521 939 iuerat3
541 870 590 943 qui
601 868 706 927 Gallica
715 872 813 945 qucudt

184 966 198 1003 a
209 946 357 1019 Capitoline
367 946 465 1019 repulit
473 963 548 1001 arma
557 947 627 1003 Iove.

145 1022 231 1091 Quam
243 1023 318 1087 bene,
340 1022 368 1077 di
379 1021 481 1096 magni,
501 1038 592 1095 pugna
601 1020 744 1078 cecidisset
753 1020 813 1078 iuil

183 1096 304 1153 defensor
312 1096 373 1151 solii
380 1139 387 1161 ‚
407 1097 506 1169 Iupiter
515 1095 580 1162 alte,
601 1096 656 1153 tui!

145 1171 232 1235 Vixit,
254 1169 420 1225 utoccideret
428 1171 571 1227 damnatus
581 1171 694 1227 crimine
703 1172 798 1247 regni:

90 1258 131 1302 tte
183 1246 255 1299 hunc
265 1243 305 1298 ilii
315 1243 422 1299 titulum
434 1244 511 1319 longa
520 1254 624 1302 senecta
633 1244 725 1302 dabat.

146 1321 206 1375 Lux
215 1318 307 1374 eadem
317 1320 394 1377 Marti
405 1318 470 1375 festa
479 1329 533 1389 est3
554 1339 636 1394 quem
646 1322 813 1394 prospicite

183 1394 335 1465 appositum
347 1396 439 1450 Tectae
448 1402 522 1467 porta
533 1395 638 1468 Capena
648 1397 719 1451 viae.

58 1439 60 1443 Ι
146 1472 309 1541 Tequoque,
331 1470 494 1541 Tempestas,
516 1472 637 1527 meritam
646 1470 761 1527 delubra
770 1471 813 1528 iat

183 1562 269 1618 quum
281 1561 365 1616 paene
374 1551 414 1600 est
426 1542 515 1601 Corsis
525 1548 619 1602 obruta
627 1546 723 1602 classis
736 1548 813 1620 aquia

92 1635 131 1677 iat
146 1622 215 1677 Haec
230 1619 371 1677 hominum
386 1629 559 1677 monumenta
572 1629 676 1695 patent:
698 1623 722 1677 si
737 1640 813 1696 quac

185 1784 248 1830 tunc
256 1773 340 1829 oritur
350 1773 440 1849 magui
450 1788 561 1846 praepes
573 1704 768 1830 aduisctamiiavie.

145 1917 254 1977 Postera
263 1924 311 1978 lux
321 1926 442 1998 Hyadas,
462 1924 592 1981 Taurinae
604 1940 703 1981 cernue
713 1923 813 1981 icontie

182 2003 285 2052 evocat:
305 2005 331 2052 et
341 1999 424 2054 multa
434 2009 501 2055 tarra
511 2000 638 2056 madescit
646 2016 726 2072 aqua.
745 2014 748 2021 ·

145 2134 231 2201 Mane
239 2146 287 2202 ubi
298 2146 340 2201 bis
351 2147 439 2218 suerit,
460 2151 637 2222 Phoebusque
646 2151 779 2207 iteraverit
787 2168 813 2207 οι

90 2231 130 2273 20⁰
184 2221 639 2298 factaqueeritpositcrorebieuda
648 2243 740 2301 seges3

145 2295 195 2351 hac
204 2306 304 2353 sacrata
314 2297 357 2353 die
366 2301 453 2356 Tusco
461 2300 567 2357 Bellona
577 2300 666 2358 duello

181 2371 292 2441 dicitur;
314 2382 339 2428 et
348 2374 422 2430 Latio
431 2392 556 2446 prospera
566 2392 671 2449 semper
681 2376 766 2433 adest.

146 2445 249 2518 Appius
258 2455 298 2503 eat
310 2457 409 2514 auctor,
431 2449 533 2523 Pyrrho
542 2451 590 2521 qui
600 2468 664 2522 pace
674 2459 767 2525 negate

183 2522 298 2578 multum
310 2524 399 2581 auimo
409 2523 489 2591 vidit;
511 2523 791 2598 luminecaptuserat.

84 2597 128 2653 ,icc
139 2596 296 2672 Prospicita
307 2599 408 2679 temple
417 2614 559 2659 summum
564 2598 659 2654 bievie
666 2600 813 2657 ameum

167 2685 210 2737 est
221 2678 274 2739 ubi
283 2697 344 2741 ncn
353 2699 458 2760 parvae
467 2693 555 2760 parua
567 2671 800 2731 quamnam.
