1898 2970
170 154 203 205 96
363 154 390 199 l‘.
411 152 537 197 ‹tulutt
556 150 725 197 NASONIS

170 260 239 311 Dum
252 256 322 327 legit,
344 253 648 326 olilitolerturgustasse
657 251 756 324 peleto,

209 330 369 403 longumque
380 328 537 401 imprudens
546 327 694 383 exsoluisse
702 326 814 387 tamem.

117 418 155 461 535
170 406 243 471 Quae
253 406 316 477 quie
326 405 459 477 principio
468 404 558 476 posuit
567 402 666 458 ieiunia
676 404 777 471 noctis,

209 488 314 552 tempus
324 480 423 536 hebent
433 488 536 554 mystae
545 478 631 534 sidera
640 478 700 534 viee
712 480 778 535 cibi.

170 557 264 611 Limen
276 565 305 612 ut
316 556 437 621 intravit,
458 554 546 610 luctus
557 554 629 609 videt
637 554 729 610 omnia
739 554 832 627 plena:

210 632 263 686 inm
273 650 334 704 spes
344 633 373 688 in
381 648 464 704 puero
478 629 551 685 nulla
565 628 660 683 salutis
670 638 735 685 eret.

171 708 253 763 lintre
263 708 385 773 salutata,
396 706 488 777 (meter
498 704 625 761 Metanira
636 706 767 779 vocatum)

118 790 156 835 555
210 782 432 857 tangeredignatu
442 779 703 852 estospuerilesuo.

173 858 259 913 Pallor
268 859 336 923 abit,
358 856 517 929 subitasque
526 855 617 911 vident
627 856 654 909 in
665 872 775 927 norpere
784 856 866 913 vires.

210 935 311 989 Tantus
320 931 425 989 coelesti
436 932 510 988 venit
518 932 552 987 ab
561 948 606 987 ore
616 930 702 1005 vigor.

172 1010 234 1065 Tota
245 1008 341 1065 domus
353 1008 418 1063 laeta
428 1016 482 1073 est,
503 1008 554 1063 hoc
562 1016 615 1072 est,
636 1014 776 1079 materque
785 1016 907 1081 paterque

211 1093 339 1155 natuque:
361 1094 413 1138 tres
424 1082 463 1138 illi
474 1090 526 1139 teta
535 1081 609 1137 luere
619 1081 727 1139 domus.

120 1168 157 1213 tlt
172 1162 234 1215 lllnx
243 1158 336 1229 epulas
345 1166 459 1229 ponunt,
482 1157 676 1229 liquefactaooa
716 1156 827 1225 lalaete,

210 1251 351 1306 pomaque,
371 1242 397 1288 et
407 1234 435 1288 in
445 1232 542 1289 teneris
551 1251 629 1288 aurea
640 1250 684 1288 me
696 1232 720 1289 le
728 1232 810 1291 letis.

173 1309 372 1365 Alistinetalma
383 1309 471 1376 Ceres,
492 1310 634 1380 somnique
644 1326 777 1381 papavere
785 1326 893 1367 tuumne

211 1386 254 1439 dat
264 1386 311 1440 tibi
323 1403 383 1440 cum
395 1385 483 1457 tepido
493 1383 558 1440 lecte
566 1383 697 1453 bibenda,
718 1402 797 1456 puer.

173 1461 262 1515 Noctis
272 1470 327 1517 erat
339 1461 469 1526 medium,
492 1459 644 1532 placidique
654 1458 759 1515 silentia
770 1462 858 1517 somni
865 1480 873 1535 5

121 1548 158 1590 555
212 1536 402 1607 Triptolemum
413 1538 515 1610 gremio
526 1534 635 1590 sustulit
645 1533 690 1590 ille
700 1552 764 1590 suo:

175 1620 266 1683 terque
276 1630 356 1667 manu
367 1611 509 1685 permulsit
517 1628 593 1677 eum,
615 1610 664 1666 tria
674 1612 795 1667 carmina
806 1611 883 1677 uixit,

211 1688 328 1742 carmina
339 1688 441 1745 mortali
453 1705 505 1743 non
517 1684 652 1741 referende
662 1704 742 1743 sono:

176 1763 258 1834 inque
269 1762 325 1820 loco
334 1766 409 1837 pueri
419 1781 518 1837 eorpus
528 1762 635 1818 vivente
647 1760 737 1817 favilla

212 1840 313 1904 obruit,
336 1841 485 1896 humanum
496 1846 592 1911 purget
602 1844 631 1891 ut
644 1836 715 1909 ignis
727 1855 808 1894 onus.

121 1924 160 1966 555
174 1914 315 1967 Exrutitur
325 1933 418 1969 somno
427 1914 507 1967 stulte
516 1914 559 1985 pia
572 1920 669 1979 mater3
691 1921 829 1979 atamens,

212 1987 283 2051 Quid
296 1986 379 2041 lacis?
389 1988 530 2053 exclamat3
542 1989 716 2058 membraque
726 1988 760 2041 ult
771 1988 834 2061 igne
844 1990 910 2061 rapit

177 2060 226 2114 Cui
237 2060 294 2127 (lna,
317 2062 386 2115 Dum
398 2080 449 2117 non
460 2079 499 2127 as,
519 2062 601 2127 dixit,
621 2062 745 2117 scelerata
757 2061 847 2119 luisti:

213 2137 286 2193 irrite
296 2145 555 2193 maternosuntmea
564 2137 634 2193 done
644 2145 727 2192 metu.

176 2213 226 2265 lste
236 2213 344 2284 quidem
355 2211 473 2269 mortalis
484 2212 546 2267 erit:
568 2212 615 2267 sed
626 2214 730 2285 primus
743 2212 839 2279 arabit,

122 2298 160 2341 555
213 2296 239 2341 et
247 2298 327 2354 seret,
348 2298 374 2344 et
383 2288 453 2343 culta
462 2289 579 2358 praemia
590 2288 663 2343 tollet
671 2289 764 2343 humo.

176 2362 261 2418 Dixit:
282 2373 308 2418 et
317 2364 453 2437 egrediens
463 2364 564 2420 nubam
575 2364 664 2427 trahit,
686 2365 769 2434 inque
777 2362 906 2421 dracones

214 2438 321 2504 transit,
343 2438 475 2512 etaligero
484 2440 586 2495 tollitur
595 2457 644 2494 axe
655 2439 743 2494 Ceres.

85 2568 86 2573 ,
176 2514 278 2569 Sunion
288 2514 453 2586 expositum,
474 2514 619 2585 Piraeaque
629 2522 684 2570 tuta
693 2531 797 2569 recessu

213 2588 325 2662 linquit,
348 2598 373 2645 nt
382 2590 411 2645 in
420 2588 544 2644 dextrum
554 2606 624 2659 quae
633 2588 699 2644 iacet
707 2606 751 2645 ora
762 2587 844 2644 letus.

103 2673 147 2716 555
161 2664 234 2721 Ilr'nr
243 2666 296 2723 init
307 2667 465 2747 Aegaeum,
486 2662 929 2741 quotlualanasatlspuinsmnes,
