1898 2970
188 183 242 234 EX
259 186 393 234 PONTO
410 188 468 234 ΕΡ.
488 187 558 234 LIB.
572 191 603 235 11.
623 191 678 236 ΕΡ.
692 191 716 236 ὅ.
776 187 821 238 311

112 307 198 347 ausus
211 306 273 344 sum
283 296 370 346 tantae
382 308 488 346 sumere
498 288 576 346 molis
585 307 663 363 opus.

71 365 174 424 Obruit
183 365 325 421 audentem
337 384 428 423 rerum
437 366 609 442 gravitasque
619 368 756 442 nitorque:

114 459 163 498 nec
172 441 250 514 potui
262 443 346 515 coepti
355 443 471 514 pondera
482 442 550 498 ferre
560 442 622 498 mei.
855 459 880 504 30

72 518 143 583 Illic,
163 535 248 591 quam
260 517 360 584 laudes,
382 518 432 573 erit
440 518 557 574 officiosa
567 515 704 574 voluntas:

115 601 216 650 caetera
229 593 339 648 materia
348 592 483 648 debilitata
492 593 588 649 iacent.

74 668 156 737 Quod
170 670 194 724 si
204 667 269 725 sorte
279 667 346 724 liber
355 676 457 724 vestras
466 668 589 741 pervenit
598 668 631 724 ad
642 687 735 738 aures;

113 743 235 810 nitelam,
256 744 363 810 mando,
385 743 630 800 sentiatilletuam.

75 822 132 877 Hoc
140 820 190 874 tibi
203 818 312 882 facturo.
333 819 375 875 vel
386 821 409 875 si
424 839 478 876 non
488 820 546 892 ipsa
557 838 687 894 rogarem,
856 839 880 880 35

115 895 220 951 aooedat
229 894 356 951 cumulus
365 897 450 970 gratia
466 904 554 951 nostra
566 894 641 951 levis.

74 973 138 1029 Non
150 987 200 1046 ego
209 970 373 1038 laudandus;
394 971 441 1027 sed
451 978 516 1026 sunt
525 981 570 1026 tua
582 980 685 1044 pectora
696 972 760 1028 iacto

115 1054 141 1103 et
151 1063 205 1103 non
213 1045 310 1102 calcata
321 1046 473 1102 candidiora
483 1048 544 1102 nive
553 1067 559 1102 :

74 1122 240 1195 mirarisque
248 1120 324 1187 alios,
345 1140 432 1196 quum
440 1123 478 1177 sis
491 1121 624 1178 mirabilis
634 1124 704 1195 ipse;

116 1197 357 1265 neclateantartes,
378 1197 571 1272 eloquiumque
580 1206 668 1253 tuum.
855 1209 880 1256 tn

74 1275 114 1331 Te
124 1275 255 1334 iuvenum
264 1273 404 1347 princeps,
425 1275 468 1329 cui
479 1275 525 1330 dat
534 1274 675 1330 Germania
686 1293 793 1340 nomen,

115 1349 271 1423 participem
280 1350 364 1406 studii
374 1349 470 1406 Caesar
479 1350 576 1407 habere
588 1349 663 1406 solet.

74 1429 119 1482 Tu
128 1442 218 1483 comes
228 1425 367 1499 antiquus,
388 1434 418 1481 tu
427 1426 523 1498 primis
532 1427 641 1482 iunctus
651 1427 685 1483 ab
696 1427 784 1492 annis,

115 1500 224 1576 ingenio
232 1517 320 1558 mores
331 1502 528 1575 aequiperante,
549 1501 648 1575 places.

75 1580 115 1634 Te
124 1577 229 1634 dicente
237 1574 314 1651 prius
324 1578 353 1634 iit
362 1578 484 1650 protinus
494 1578 675 1650 impetusilli:
854 1589 878 1634 ta

115 1661 196 1727 teque
206 1653 298 1719 habat,
319 1652 408 1709 elicias
420 1655 468 1726 qni
479 1672 528 1710 sua
538 1655 618 1709 verba
632 1654 685 1708 tuis

75 1730 170 1799 Quum
182 1737 210 1784 tu
220 1728 337 1794 desistis,
357 1728 532 1801 mortaliaque
541 1746 585 1793 ora
596 1729 732 1801 quierunt,

115 1805 261 1878 clausaque
271 1823 323 1861 non
334 1803 411 1879 longa
421 1805 569 1860 conticuere
579 1820 666 1871 mortu

74 1881 165 1954 surgit
173 1879 246 1936 Iuleo
255 1880 362 1936 iuvenis
371 1899 402 1937 ec
422 1879 650 1954 nominedignus,

116 1955 205 2030 qualis
215 1956 249 2011 ab
258 1956 322 2012 Eois
332 1899 438 2012 Lucidea
447 1963 521 2012 ortus
531 1955 623 2028 aquis:
853 1970 878 2011 sn

75 2033 201 2104 dumque
210 2030 293 2087 silens
303 2031 397 2097 adstat,
418 2038 503 2087 status
513 2040 552 2087 est
561 2031 707 2103 vultusque
720 2031 822 2098 diserti,

115 2124 246 2181 spemque
254 2107 349 2163 decens
361 2107 451 2164 doctae
460 2108 532 2162 vocis
543 2108 655 2162 amiotus
667 2106 755 2162 habet.

74 2185 149 2249 Mox,
161 2183 208 2238 ubi
219 2182 298 2255 pulsa
309 2190 441 2252 moreest,
452 2183 689 2255 atqueoscoeieste
699 2182 827 2247 solutum,

114 2259 165 2316 hoc
175 2257 292 2331 Superos
304 2259 376 2315 iures
387 2276 460 2314 more
470 2256 553 2314 solere
562 2257 651 2330 loqui:

75 2342 168 2408 atque,
189 2335 258 2390 Haeo
268 2344 316 2399 est,
337 2334 420 2399 dicas,
441 2333 564 2391 facundia
574 2332 695 2405 principe
704 2333 800 2410 digna:
854 2349 879 2391 55

114 2410 223 2482 eloquio
232 2417 336 2464 tentum
346 2409 492 2466 nobilitatis
505 2410 584 2465 inest.

74 2485 145 2544 Huic
154 2492 182 2540 tu
194 2502 279 2558 quum
290 2484 407 2557 placeas,
428 2485 557 2541 etvertice
565 2483 651 2539 sidera
662 2492 764 2561 tangas,

114 2561 213 2634 scripta
223 2567 312 2617 nmen
321 2559 428 2636 profugi
439 2560 508 2616 vatis
517 2560 644 2620 habenda
652 2569 747 2636 putas.

66 2637 178 2694 Scilicet
184 2635 303 2709 ingeniis
311 2634 402 2710 eliqua
414 2645 457 2694 est
464 2639 615 2699 concordia
622 2640 747 2710 iunctas,

95 2715 126 2761 et
131 2717 222 2763 servat
228 2709 318 2766 studii
326 2710 440 2774 foedera
455 2719 590 2800 quisque
602 2720 665 2782 aui.

908 2706 943 2746 R&
