1898 2970
147 134 197 187 iSI
330 140 361 185 P.
383 137 512 185 ovlnn
529 136 696 185 NASONIS

146 242 277 296 Poeniteat
287 240 398 312 Sparten
408 240 549 314 Argosque
557 257 685 312 measque
694 241 822 315 Myeenee

182 324 208 371 et
218 323 331 370 veterem
341 316 417 371 Latio
426 315 601 387 supposuisse
609 314 719 372 Samon.

145 390 220 445 Adde
229 407 321 446 sonem
332 391 438 447 Tatium
449 390 672 463 Iunonicolasque
680 391 815 453 Faliseos.

91 477 116 518 5ο
182 483 251 537 quoe
260 482 309 539 ego
318 465 447 523 Romanis
456 465 632 522 succubuisse
640 464 702 522 tuli.

146 541 197 596 Sed
207 558 294 614 neque
303 542 448 613 poeniteat;
470 559 518 596 nec
526 558 594 615 gens
604 540 834 599 mihioeiioruila
845 552 881 597 eet

182 616 321 683 iiieooiar‚
343 618 387 672 hio
397 624 500 672 teneam
510 632 572 671 oum
584 616 753 689 Iovetempla
763 635 833 675 meo.

146 693 205 762 Ipse
215 691 283 747 mihi
293 693 409 758 Mavors,
430 691 594 749 Commendo
605 693 721 760 moenia,
742 691 821 761 dixit,

183 767 249 824 haee
257 767 321 823 tibi:
342 776 370 822 tu
382 765 486 839 pollens
496 767 567 822 Urbe
578 768 681 839 nepotis
691 766 755 823 erie.

91 853 117 896 55
146 842 294 899 Diotaiides
305 843 438 916 sequitur.
468 842 582 899 Centum
592 840 873 900 celebramurinaris:

185 935 232 975 neo
242 918 326 974 levior
335 919 434 992 quovis
443 924 485 975 eet
493 917 562 973 mihi
571 918 673 974 mensis
682 917 778 975 honor.

147 995 201 1049 Neo
220 1002 308 1050 tomen
328 994 403 1050 huno
423 993 501 1051 nobis
517 991 702 1050 tantummodo
720 1002 837 1066 praestat
848 995 893 1050 ho·

628 1085 720 1125 norem

183 1146 281 1198 Roma:
303 1143 453 1198 suburbani
463 1144 528 1199 dant
538 1143 606 1198 mihi
616 1160 718 1199 munias
727 1139 811 1201 idem.

147 1219 259 1289 Inspice,
280 1234 350 1290 quos
360 1216 456 1273 hebeat
466 1218 610 1274 nemoralis
620 1218 708 1275 Aiiein
717 1219 822 1290 Festos,

92 1305 117 1347 eo
183 1300 208 1346 ot
251 1291 335 1365 pulus
344 1294 464 1349 Laurens
474 1293 684 1367 Lanuviumque
696 1311 803 1352 meum:

146 1376 185 1422 est
196 1366 214 1421 ii
226 1368 362 1424 inmensis
372 1369 513 1426 Iunonius.
543 1368 648 1441 Inspiee
657 1369 752 1436 Tibur,

184 1451 209 1497 et
218 1443 403 1499 Praenestinae
413 1443 517 1499 moenia
530 1460 605 1499 saera
615 1443 693 1500 deae:

147 1519 274 1575 Iunonale
284 1519 355 1594 leges
365 1527 481 1591 tempus.
512 1520 567 1574 Neo
575 1518 779 1575 Romulusiliae

184 1594 315 1652 condidit:
337 1602 363 1648 at
373 1593 456 1649 nostri
467 1595 550 1649 Roma
562 1594 666 1667 nepotis
675 1603 741 1651 erat.

94 1683 119 1727 55
148 1671 265 1726 Finierat
274 1671 350 1727 Iuno.
381 1668 570 1743 Respeximus.
601 1669 802 1727 Herculisuxor

185 1745 284 1814 stabat;
306 1746 369 1802 etin
379 1745 545 1821 vultusigne
557 1745 766 1802 dolentiserent.

148 1823 207 1877 Non
218 1839 276 1896 ego,
297 1823 321 1877 si
331 1829 384 1878 toto
394 1830 477 1879 mater
486 1839 530 1878 me
539 1820 631 1878 cedere
640 1819 713 1878 coeio

184 1897 306 1962 iusserit,
327 1897 411 1954 invita
420 1908 504 1955 matre
515 1897 652 1963 morabor,
672 1897 719 1951 eit.

146 1973 225 2025 Nune
234 1986 343 2042 quoque
351 1989 406 2027 non
416 1972 500 2028 inotor
510 1972 657 2032 denomino
667 1971 793 2042 temporis
804 1971 888 2029 huius

93 2057 119 2101 to
184 2043 318 2110 Blandior.
340 2051 462 2118 otpertee
471 2047 757 2124 paenerogantisego:

148 2137 260 2193 remque
270 2120 322 2177 mei
333 2120 401 2176 iuris
412 2121 505 2178 malim
517 2125 634 2181 tenuisse
642 2121 790 2197 precuud03

185 2204 211 2251 et
220 2194 309 2253 inveas
319 2214 430 2254 caussae
439 2196 550 2255 forsitan
560 2199 618 2271 ipse
628 2215 712 2255 meae.

147 2270 234 2326 Aurea
243 2273 362 2343 possedit
373 2274 446 2331 sooio
455 2270 584 2345 Capitolia
593 2273 692 2347 templo

186 2353 282 2414 maten
304 2349 468 2412 etutdebet,
489 2364 552 2402 eum
563 2349 739 2405 Iovasumma
750 2354 830 2403 tenet.

94 2432 120 2479 '15
148 2423 183 2477 nt
192 2420 274 2477 denus
283 2439 362 2480 omne
372 2423 439 2480 mihi
448 2421 689 2498 eontingitorigine
700 2421 812 2478 mensis.

186 2496 288 2553 Unicus
298 2506 351 2565 est,
372 2499 405 2556 de
414 2516 470 2572 quo
479 2495 668 2564 sollicitemur,
688 2497 784 2554 honor.

149 2572 324 2647 Ouidgreve,
344 2575 369 2630 si
380 2576 489 2632 titulum
499 2570 616 2638 mensis,
636 2572 769 2639 Itomane¹
789 2572 888 2631 dedisti

170 2647 299 2709 Herculis
308 2654 399 2726 uxori,
423 2648 625 2734 posteritasque
633 2644 756 2706 moment
