1898 2970
144 192 193 249 3Ιᾶ
332 194 359 246 P.
380 199 510 247 ovlnn
527 198 697 246 NASONIS

143 298 460 375 Proximasuhsequitur,
480 301 548 376 quid
625 345 633 368 ‚
655 299 750 360 audire
758 297 892 367 adunus,

179 383 218 441 at,
238 376 307 432 bene
317 376 408 450 siquid
417 396 491 452 agas,
512 378 577 433 sitti
597 376 683 434 ienra
693 378 760 433 mai.
832 432 836 443 ,

89 465 100 508 5
142 454 196 508 Neo
206 451 302 509 dubito
311 454 378 526 quin
389 453 438 510 sit:
459 454 507 510 sed
516 471 559 510 ma
569 453 649 510 timor
659 452 864 527 insensatorum

179 546 258 601 saepe
267 545 445 602 supervacuos
456 532 526 605 oogit
538 529 635 585 babere
647 537 748 585 metus.

142 604 309 671 Duroniam,
330 622 444 678 quaeso,
466 606 603 679 nimioque
613 606 723 680 ignosce
736 605 826 663 timori

180 680 349 753 Tranquillas
360 681 439 735 etiarn
452 681 600 756 naufragus
610 682 700 737 horret
710 698 807 755 aquas.

143 757 195 823 Qui
206 755 286 811 semel
297 764 336 811 est
346 755 434 811 laesus
445 755 531 813 laliaci
542 757 624 828 piscis
633 757 669 812 ab
678 757 771 824 bama,

90 846 114 887 ta
180 832 306 888 omnibus
317 849 386 888 unca
396 832 465 888 cibis
475 850 534 888 aera
544 832 655 888 subesse
664 839 752 905 putat.

144 909 226 981 Saepe
235 925 328 964 canem
339 907 417 983 longe
426 908 516 964 visum
527 907 597 982 fugit
607 925 693 983 agna,
715 907 869 983 lupumque

181 984 276 1053 credit3
298 984 389 1057 etipsa
400 976 578 1040 suam’uescia
588 984 755 1057 vitatopem.

145 1060 262 1115 Membra
272 1059 443 1116 reformidant
453 1059 561 1117 mollem
571 1060 892 1133 quaquesauaiataetum:

181 1152 303 1208 vanaque
312 1135 432 1191 sollicitis
442 1136 538 1192 incutit
547 1134 644 1191 umbra
655 1144 771 1193 metum.
853 1196 858 1206 ,

90 1223 115 1266 15
144 1212 186 1267 Sic
196 1229 255 1286 ego,
267 1212 400 1268 Fortunae
410 1211 468 1266 telis
478 1211 601 1267 confixus
611 1208 728 1284 iniquis,

180 1296 283 1360 pectore
292 1286 413 1361 eoneipio
422 1286 461 1343 nil
472 1287 525 1343 nisi
535 1287 609 1343 trista
619 1303 690 1344 meo.

144 1366 200 1419 Iam
212 1363 279 1418 mibi
290 1363 342 1419 lata
353 1363 449 1435 liquet,
470 1370 576 1435 saeptos
585 1362 720 1418 servantia
731 1380 840 1430 cursus,

183 1457 229 1511 per
238 1438 289 1494 sibi
299 1446 440 1494 consuetas
451 1456 557 1512 semper
566 1439 636 1494 itura
645 1438 716 1495 vias.

145 1516 290 1572 Observare
299 1515 372 1579 deos,
394 1531 428 1568 ne
438 1514 505 1587 quid
515 1514 582 1569 mibi
593 1512 668 1570 cedat
677 1515 773 1581 amice,

91 1604 116 1648 20
182 1592 316 1664 verbaque
325 1591 457 1646 Fortunae
468 1590 515 1645 vix
523 1598 589 1662 puto
599 1607 678 1662 posse
688 1590 759 1646 dari.

145 1671 193 1727 Est
202 1667 241 1722 illi
253 1684 331 1723 curae
342 1684 385 1721 me
395 1666 518 1739 perdere3
539 1683 663 1739 quaeque
673 1665 777 1724 solebat

184 1763 241 1801 esse
252 1744 328 1809 levis,
349 1749 474 1803 onustans
483 1750 508 1798 et
520 1743 588 1797 bene
597 1750 667 1797 certa
678 1750 765 1799 nocet.

147 1822 228 1879 Crede
237 1821 315 1889 mihi,
336 1821 359 1875 si
369 1837 431 1876 sum
442 1819 498 1876 veri
507 1818 556 1874 tibi
566 1818 690 1893 cognitus
698 1819 764 1885 oris,

185 1915 233 1954 nee
242 1914 371 1953 numerus
382 1895 481 1953 nostris
489 1895 597 1951 casibus
607 1910 666 1950 essa
674 1901 776 1966 potest3

93 1987 118 2031 πῆ
147 1975 196 2031 Cin
217 1973 295 2045 pbiae
305 1973 401 2047 segetis
411 1972 490 2028 eitius
501 1970 657 2027 numerabis
666 1970 772 2035 aristas,

185 1993 290 2123 altaque
299 2066 382 2122 quam
392 2047 485 2104 multis
494 2045 583 2103 floreat
592 2045 679 2120 Hybla
691 2045 807 2119 thymis:

148 2136 173 2184 et
182 2135 248 2201 quot
257 2142 319 2182 aues
330 2125 409 2181 motis
418 2124 537 2179 nitantur
547 2123 574 2177 in
587 2123 646 2176 ae'ra
659 2120 772 2194 pennis:

186 2213 305 2277 quotque
315 2209 405 2257 natent
414 2201 501 2272 pisces
511 2198 634 2270 aequore,
656 2204 744 2252 certus
754 2195 823 2250 eris:

149 2298 231 2352 quarn
241 2279 290 2335 tibi
299 2285 451 2334 nostrorum
462 2282 592 2330 statuatur
601 2290 709 2329 summa
722 2269 857 2339 laborum,

96 2369 120 2410 ro
187 2373 256 2427 quos
265 2373 314 2429 ego
325 2371 386 2410 sum
397 2360 474 2416 terra,
496 2368 565 2424 quos
608 2364 824 2420 opassusaqua.

150 2429 230 2486 Nulla
240 2430 314 2486 Getis
324 2438 377 2487 toto
386 2445 453 2504 gens
462 2434 503 2483 est
512 2435 590 2482 trucu
601 2424 687 2481 entier
695 2423 775 2480 orbe:

188 2506 235 2560 sed
247 2513 336 2562 tamen
349 2506 377 2560 hi
388 2504 487 2561 nostris
497 2503 653 2576 ingemuere
663 2499 754 2555 malis.

152 2581 225 2649 Quae
235 2580 282 2634 tibi
293 2581 316 2634 si
328 2581 440 2637 memori
452 2595 531 2636 coner
540 2577 704 2648 perscribere
714 2593 806 2640 versu,

190 2657 251 2711 Ilias
263 2663 303 2710 est
314 2655 358 2709 lati
369 2657 447 2731 longa
457 2654 546 2710 fubrra
558 2653 620 2708 mei.

88 2744 119 2790 35
143 2733 417 2821 Nonigiturvereor,
438 2726 853 2808 quauterearesseuerendum,

6 2906 129 2946 ,Α
