1898 2970
132 194 184 242 rex
202 162 408 243 cortrone.
428 194 499 241 cra.
514 194 547 242 rc
564 195 620 243 cr.
635 195 676 242 aa.
690 195 734 244 11.
755 189 804 242 aee

56 294 426 372 etmodereeegissesimu13
449 294 746 362 medorursueabiilis‚

95 388 213 447 quorum
226 389 281 429 non
292 371 399 446 pudeat,
420 389 500 445 posse
512 370 607 428 referre
616 373 697 428 iocos.

57 449 128 505 Haec
139 447 189 504 tibi
202 447 227 503 ei
236 448 359 515 subeant,
381 450 425 504 hie
435 449 487 503 sim
498 448 567 514 iicet,
588 447 716 502 omnibus
726 447 804 503 annis

96 530 157 579 ente
166 523 337 591 monoculae,
359 531 389 579 ut
398 524 572 589 modericus,
594 539 648 579 ero.

58 601 119 672 Ipse
127 598 239 673 quidem
248 599 359 655 extremi
370 617 455 673 quum
466 600 519 654 sim
528 599 581 654 eub
591 597 698 654 cardine
708 598 813 664 mundi,
834 605 860 654 tt

97 673 145 749 qui
155 691 262 746 semper
271 673 383 748 liquidis
397 674 473 730 altior
483 682 569 730 exstat
578 673 672 747 aquis3

58 758 84 805 te
96 758 186 806 temen
196 749 309 817 intueor,
329 767 385 824 quo
394 750 451 806 solo
460 758 564 824 pectore
574 767 700 823 possum:

97 833 124 880 et
132 832 221 881 tecum
230 824 319 899 gelido
331 843 410 900 saepe
420 827 472 882 sub
482 844 532 883 axe
541 825 646 900 loquor.

60 902 108 957 Hic
119 919 158 967 ea,
179 907 205 956 et
214 900 336 974 ignoras:
357 910 383 956 et
392 901 455 958 ades
462 900 651 958 celeberrimus
662 899 773 956 abeenm

97 977 182 1050 inque
192 975 272 1033 Getae
282 976 370 1034 media
382 977 485 1034 missus
494 978 529 1033 ab
537 976 608 1034 Urbe
617 976 704 1034 venia.
836 987 862 1030 tt

58 1051 150 1108 Redde
159 1052 261 1108 ricem:
281 1059 316 1120 et,
337 1054 466 1128 quoniam
476 1052 549 1127 regio
558 1051 658 1110 felicior
666 1053 716 1107 ista
727 1056 775 1117 est,

99 1128 162 1184 Istic
171 1145 215 1184 me
224 1129 335 1186 memori
350 1138 568 1203 pectorosemper
577 1128 656 1184 habe.

253 1345 515 1404 EPISTOLA
561 1345 621 1402 XI.

222 1467 243 1510 a
282 1467 303 1509 c
378 1466 400 1507 rt
438 1465 460 1508 rr
497 1464 517 1508 rr
555 1463 578 1509 u
615 1465 651 1509 rr.

60 1571 126 1636 Hoc
134 1575 195 1646 tibi,
215 1577 292 1645 Rufe,
312 1578 388 1635 brevi
398 1583 569 1652 properatum
582 1585 699 1651 tempore
712 1577 793 1633 mittit
878 1554 884 1566 ⁸

99 1656 181 1722 Naso,
202 1672 299 1728 parum
312 1651 636 1720 faustaeeonditordrtis‚
657 1671 739 1726 opus:

62 1740 104 1799 ut,
124 1747 293 1819 quamquam
304 1729 383 1806 longe
393 1737 445 1786 toto
456 1745 552 1784 sumus
562 1727 626 1784 orbe
636 1730 740 1794 remoti,

100 1823 169 1863 ecrre
178 1813 267 1863 tamen
276 1807 364 1880 possis
375 1823 424 1862 nes
434 1802 590 1859 meminisse
599 1803 649 1859 tui.

62 1881 188 1941 Neminie
197 1891 258 1939 ane
269 1880 322 1938 mei
332 1882 440 1938 venient
448 1876 549 1936 oblivia
559 1879 647 1945 nobis,
855 1890 867 1932 a

99 1966 206 2032 pectore
214 1974 298 2031 quam
306 1958 391 2031 pietas
401 1957 436 2013 sit
445 1964 491 2012 tua
500 1953 580 2029 pulsa
590 1971 664 2012 meo:

63 2043 89 2090 et
97 2035 176 2107 prius
184 2033 255 2091 hane
265 2034 383 2090 animam
392 2050 491 2088 vacuas
503 2031 647 2088 reddemus
661 2031 688 2085 in
703 2047 790 2095 auras,

100 2125 184 2183 quam
195 2109 241 2165 fiat
249 2108 337 2165 meriti
348 2109 433 2185 gratia
446 2107 574 2164 venatui.

65 2185 173 2243 Grande
183 2184 383 2249 voecmeritum
394 2183 527 2249 lacrimas,
539 2183 641 2257 quibus
646 2199 691 2237 ora
697 2181 813 2256 rigabas,

102 2278 191 2335 quum
202 2277 260 2316 mea
269 2258 468 2317 concretosicca
478 2257 671 2316 doicrefcrent.
843 2269 898 2348 tt,

66 2335 174 2394 Grande
183 2353 249 2393 voco
259 2335 395 2403 meritum,
416 2344 531 2392 moestae
541 2333 634 2390 solatia
644 2332 754 2402 mentis;

103 2429 191 2485 quum
200 2411 298 2486 pariter
308 2410 385 2467 nobis
395 2410 441 2467 illa
450 2411 553 2483 tibique
563 2409 649 2464 dares.

65 2488 166 2562 Sponte
174 2487 285 2561 quidem
295 2504 343 2559 per
352 2504 435 2561 seque
447 2503 507 2542 mea
516 2492 556 2540 est
569 2483 710 2541 laudabilis
719 2500 801 2551 uxor;

103 2562 243 2619 admonitu
254 2560 347 2619 melior
356 2562 387 2620 iit
395 2570 483 2619 tamen
494 2560 540 2616 iiia
552 2566 608 2617 tuo.

66 2640 193 2712 Namque
201 2638 275 2713 quod
283 2636 439 2696 Hermiones
452 2638 546 2694 Castor·
559 2635 619 2704 tuit,
630 2638 723 2693 Hector
733 2634 795 2700 luti.
844 2641 870 2687 15

107 2712 644 2792 hccegotelaetoreoniugisessemeae.

667 2794 736 2852 m
