1898 2970
254 162 467 210 rnsrotturn
484 163 554 209 nm.
576 164 607 209 11.
773 154 806 209 rt

93 272 120 319 et
128 264 228 336 patitur
237 264 330 340 longas
339 264 479 320 obsidione
491 282 588 320 moras.

55 342 127 396 Dum
136 348 221 407 vacat,
235 347 262 395 et
270 347 395 396 metuunt
403 339 492 397 hostes
502 341 664 395 committere
673 359 804 417 pugnam,

95 415 197 471 luditur
207 416 235 471 in
246 415 354 471 castris:
376 416 428 471 otia
438 415 516 470 miles
526 415 590 489 agit.

56 490 222 564 Tarquinius
232 490 339 547 iuvenis
349 491 434 546 socios
446 491 616 562 dapibusque
625 509 752 566 meroque
821 505 861 547 725

94 567 204 639 aooipit3
225 565 322 622 exiliis
331 574 544 638 rexqueoreatus
557 566 607 620 ait:

55 643 128 698 Dum
138 660 188 698 nos
197 641 324 698 sollicitos
337 642 415 716 pigro
424 648 494 697 tenet
506 641 592 696 Ardea
602 639 682 706 bello,

95 735 145 774 neo
154 717 219 772 sinit
227 717 261 772 ad
271 717 371 790 patrios
381 734 454 771 arma
464 716 560 772 referre
570 716 648 783 deos3

55 793 155 867 ecquid
164 793 193 848 in
204 791 291 848 officio
300 800 375 848 torus
385 790 558 847 estsocialist
576 792 708 863 eteoquid

94 868 257 942 coniugibus
268 868 366 923 nostris
376 873 471 921 mutua
481 884 545 922 cura
558 865 675 921 sumus?
822 880 861 921 730

56 945 181 1017 Quisque
190 960 269 998 suam
280 941 392 997 laudat:·
405 942 503 996 studiis
512 942 656 997 certamina
667 950 801 1009 crescunt;

94 1027 121 1075 et
129 1019 215 1075 fervet
224 1017 310 1073 multo
320 1017 358 1072 lin
397 1034 666 1090 aqueoorquemero.

54 1096 162 1170 Surgit,
182 1095 227 1149 oui
237 1094 366 1149 dederato
377 1110 454 1148 arum
464 1092 573 1150 Collatia
584 1111 694 1163 nomem

90 1172 150 1226 Non
162 1187 230 1242 opus
240 1178 280 1225 est
288 1169 393 1238 verbis3
413 1169 511 1225 credite
521 1170 616 1235 rebus,
637 1172 682 1225 ait.

54 1248 117 1302 Nox
127 1253 262 1316 superest:
277 1245 402 1301 tollamur
411 1245 499 1317 equis,
510 1245 664 1318 Urbemque
673 1255 806 1318 petamus.
823 1258 861 1300 735

94 1323 169 1376 Dicta
179 1321 297 1392 placent:
318 1319 401 1375 frenis
411 1320 596 1391 impediuntur
605 1322 678 1392 equi.
737 1375 739 1383 ,

54 1396 225 1453 Pertulerant
234 1395 367 1451 dominos.
397 1395 505 1469 Regalia
515 1395 637 1468 protinus
649 1396 688 1450 illi

94 1479 161 1527 tecta
171 1478 279 1544 petunt:
300 1477 390 1526 custos
400 1470 429 1525 in
439 1470 493 1526 iore
504 1469 596 1526 nuilus
606 1479 670 1525 erat.

53 1551 125 1604 Eece
135 1564 236 1602 nurum
246 1547 316 1621 regis
326 1546 395 1602 fusis
404 1564 451 1619 per
461 1546 527 1603 colla
537 1547 642 1602 coronis

94 1624 239 1678 inveniunt
247 1623 332 1694 posito
341 1622 500 1696 pervigilare
510 1640 593 1678 mero.

55 1698 184 1755 Indooito
194 1715 276 1770 passu
285 1700 385 1770 petitur
394 1698 529 1752 Lucretia:
551 1697 629 1751 cuius

95 1781 157 1829 ante
166 1781 255 1829 torum
265 1773 363 1828 calathi
376 1773 491 1844 lanaque
501 1771 591 1826 mollis
601 1777 666 1824 erat.

55 1852 163 1905 Lumen
173 1847 207 1904 ad
216 1849 346 1923 exiguum
357 1847 473 1904 famulae
481 1848 542 1901 data
552 1864 635 1919 pensa
645 1845 797 1901 trahebant:

95 1925 166 1980 inter
174 1941 243 1998 quas
256 1923 330 1979 tenui
340 1925 380 1978 sio
388 1923 426 1979 ait
434 1922 479 1978 illa
489 1940 569 1979 sono:

55 1998 808 2074 Mittendaestdomino(nuno,nunoproperate,puellae,)
824 2008 861 2052 tta

94 2077 300 2152 quamprimum
310 2083 398 2131 vostra
408 2074 475 2130 iacta
486 2074 592 2130 lacerna
603 2092 696 2128 manu.

56 2153 129 2220 Quid
140 2160 229 2208 tamen
240 2148 372 2207 audistis?
400 2151 468 2204 Nam
478 2149 557 2221 plura
566 2149 658 2205 audire
668 2149 766 2204 soletis.

95 2228 233 2296 Quantum
244 2228 277 2281 de
289 2225 359 2281 bello
371 2224 469 2280 dicitur
478 2241 537 2281 esse
546 2223 646 2297 super?

56 2304 199 2359 Postmodo
209 2304 277 2358 victa
288 2302 366 2357 cades
377 2299 548 2367 melioribus,
568 2299 662 2364 Ardea,
684 2301 786 2363 castris,

95 2379 229 2452 improba,
251 2397 320 2451 quae
330 2385 434 2435 nostros
445 2378 518 2452 cogis
528 2377 619 2432 abesse
628 2375 714 2430 viros!
824 2386 862 2427 tat

58 2455 118 2509 Sint
127 2461 232 2508 tantum
242 2455 361 2509 reduces.
395 2453 529 2510 Sedenim
540 2450 775 2506 temerariusuitro
866 2488 867 2491 η

96 2538 138 2583 est
148 2545 240 2582 meus:
261 2537 287 2582 et
298 2530 388 2585 stricto
397 2528 517 2601 qnalibet
527 2543 591 2581 ense
601 2527 666 2582 ruit.
869 2519 872 2527 ’

58 2605 135 2661 Mens
146 2603 216 2668 abit,
236 2611 262 2658 et
270 2605 383 2670 morior,
403 2603 507 2676 quoties
517 2601 772 2678 pugnantisimaqo

96 2697 142 2736 me
151 2679 239 2734 subit:
261 2687 286 2735 et
293 2678 417 2756 gelidum
427 2687 540 2757 pectora
547 2676 753 2757 iriqusnetset.
