<?xml version="1.0" encoding="UTF-8"?>
<!DOCTYPE html PUBLIC "-//W3C//DTD XHTML 1.0 Transitional//EN"
    "http://www.w3.org/TR/xhtml1/DTD/xhtml1-transitional.dtd">
<html xmlns="http://www.w3.org/1999/xhtml" xml:lang="en" lang="en">
 <head>
  <title>
</title>
<meta http-equiv="Content-Type" content="text/html;charset=utf-8" />
  <meta name='ocr-system' content='tesseract 3.04.00' />
  <meta name='ocr-capabilities' content='ocr_page ocr_carea ocr_par ocr_line ocrx_word'/>
</head>
<body>
  <div class='ocr_page' id='page_1' title='image "./operaomnia00ovidgoog_0285.png"; bbox 0 0 1898 2970; ppageno 0'>
   <div class='ocr_carea' id='block_1_1' title="bbox 147 159 825 221">
    <p class='ocr_par' dir='ltr' id='par_1_1' title="bbox 147 159 825 221">
     <span class='ocr_line' id='line_1_1' title="bbox 147 159 825 221; baseline -0.021 0"><span class='ocrx_word' id='word_1_1' title='bbox 147 166 198 221; x_wconf 72' lang='lat'>272</span> <span class='ocrx_word' id='word_1_2' title='bbox 225 173 253 217; x_wconf 83' lang='grc' dir='ltr'>Ρ.</span> <span class='ocrx_word' id='word_1_3' title='bbox 268 164 562 217; x_wconf 74' lang='lat' dir='ltr'>ov.NAs.TR1sT.</span> <span class='ocrx_word' id='word_1_4' title='bbox 578 162 648 208; x_wconf 77' lang='lat' dir='ltr'>ms.</span> <span class='ocrx_word' id='word_1_5' title='bbox 663 159 697 208; x_wconf 83' lang='lat' dir='ltr'>V.</span> <span class='ocrx_word' id='word_1_6' title='bbox 709 162 767 208; x_wconf 78' lang='lat' dir='ltr'>BL.</span> <span class='ocrx_word' id='word_1_7' title='bbox 782 162 825 208; x_wconf 74' lang='grc'>14.</span> 
     </span>
    </p>
   </div>
   <div class='ocr_carea' id='block_1_2' title="bbox 89 265 907 2454">
    <p class='ocr_par' dir='ltr' id='par_1_2' title="bbox 89 265 907 2454">
     <span class='ocr_line' id='line_1_2' title="bbox 147 265 813 344; baseline -0.009 -16"><span class='ocrx_word' id='word_1_8' title='bbox 147 274 220 341; x_wconf 79' lang='lat' dir='ltr'>Quae</span> <span class='ocrx_word' id='word_1_9' title='bbox 230 290 263 326; x_wconf 94' lang='lat' dir='ltr'>ne</span> <span class='ocrx_word' id='word_1_10' title='bbox 272 270 336 344; x_wconf 88' lang='lat' dir='ltr'>quis</span> <span class='ocrx_word' id='word_1_11' title='bbox 344 268 430 342; x_wconf 85' lang='lat' dir='ltr'>possit</span> <span class='ocrx_word' id='word_1_12' title='bbox 439 266 576 343; x_wconf 65' lang='lat' dir='ltr'>temeraria</span> <span class='ocrx_word' id='word_1_13' title='bbox 588 265 685 332; x_wconf 77' lang='lat' dir='ltr'>disere,</span> <span class='ocrx_word' id='word_1_14' title='bbox 706 273 813 339; x_wconf 73' lang='lat' dir='ltr'>persta:</span> 
     </span>
     <span class='ocr_line' id='line_1_3' title="bbox 92 341 749 419; baseline -0.012 -14"><span class='ocrx_word' id='word_1_15' title='bbox 92 360 118 406; x_wconf 80' lang='lat'>2⁰</span> <span class='ocrx_word' id='word_1_16' title='bbox 184 356 209 402; x_wconf 79' lang='lat' dir='ltr'>et</span> <span class='ocrx_word' id='word_1_17' title='bbox 217 347 316 419; x_wconf 80' lang='lat' dir='ltr'>pariter</span> <span class='ocrx_word' id='word_1_18' title='bbox 324 362 401 400; x_wconf 80' lang='lat' dir='ltr'>servs</span> <span class='ocrx_word' id='word_1_19' title='bbox 412 362 508 417; x_wconf 85' lang='lat' dir='ltr'>meque</span> <span class='ocrx_word' id='word_1_20' title='bbox 517 343 645 416; x_wconf 81' lang='lat' dir='ltr'>piamque</span> <span class='ocrx_word' id='word_1_21' title='bbox 654 341 749 398; x_wconf 86' lang='lat' dir='ltr'>fidem.</span> 
     </span>
     <span class='ocr_line' id='line_1_4' title="bbox 147 417 898 491; baseline -0.004 -13"><span class='ocrx_word' id='word_1_22' title='bbox 147 425 216 478; x_wconf 81' lang='lat' dir='ltr'>Nam</span> <span class='ocrx_word' id='word_1_23' title='bbox 227 431 282 488; x_wconf 78' lang='lat' dir='ltr'>tna,</span> <span class='ocrx_word' id='word_1_24' title='bbox 294 422 359 477; x_wconf 89' lang='lat' dir='ltr'>dum</span> <span class='ocrx_word' id='word_1_25' title='bbox 370 421 503 486; x_wconf 77' lang='lat' dir='ltr'>stetimus,</span> <span class='ocrx_word' id='word_1_26' title='bbox 516 418 588 491; x_wconf 87' lang='lat' dir='ltr'>turpi</span> <span class='ocrx_word' id='word_1_27' title='bbox 597 419 656 475; x_wconf 86' lang='lat' dir='ltr'>sine</span> <span class='ocrx_word' id='word_1_28' title='bbox 664 417 783 475; x_wconf 83' lang='lat' dir='ltr'>erimine</span> <span class='ocrx_word' id='word_1_29' title='bbox 792 419 898 484; x_wconf 73' lang='lat' dir='ltr'>mansii.</span> 
     </span>
     <span class='ocr_line' id='line_1_5' title="bbox 185 493 736 569; baseline -0.005 -16"><span class='ocrx_word' id='word_1_30' title='bbox 185 507 210 553; x_wconf 83' lang='lat' dir='ltr'>et</span> <span class='ocrx_word' id='word_1_31' title='bbox 220 499 273 553; x_wconf 79' lang='lat' dir='ltr'>ianr</span> <span class='ocrx_word' id='word_1_32' title='bbox 284 506 341 553; x_wconf 85' lang='lat' dir='ltr'>tum</span> <span class='ocrx_word' id='word_1_33' title='bbox 351 495 469 569; x_wconf 73' lang='lat' dir='ltr'>probitas</span> <span class='ocrx_word' id='word_1_34' title='bbox 480 495 663 568; x_wconf 80' lang='lat' dir='ltr'>irreprehensa</span> <span class='ocrx_word' id='word_1_35' title='bbox 674 493 736 550; x_wconf 81' lang='lat' dir='ltr'>ruit.</span> 
     </span>
     <span class='ocr_line' id='line_1_6' title="bbox 149 569 776 629; baseline -0.005 0"><span class='ocrx_word' id='word_1_36' title='bbox 149 576 199 629; x_wconf 83' lang='lat' dir='ltr'>Par</span> <span class='ocrx_word' id='word_1_37' title='bbox 208 574 300 629; x_wconf 84' lang='lat' dir='ltr'>eadem</span> <span class='ocrx_word' id='word_1_38' title='bbox 310 581 398 628; x_wconf 79' lang='lat' dir='ltr'>nostra</span> <span class='ocrx_word' id='word_1_39' title='bbox 409 588 483 627; x_wconf 86' lang='lat' dir='ltr'>nunc</span> <span class='ocrx_word' id='word_1_40' title='bbox 492 578 533 626; x_wconf 76' lang='lat' dir='ltr'>est</span> <span class='ocrx_word' id='word_1_41' title='bbox 542 570 594 626; x_wconf 89' lang='lat' dir='ltr'>sibi</span> <span class='ocrx_word' id='word_1_42' title='bbox 605 569 671 625; x_wconf 78' lang='lat' dir='ltr'>facts</span> <span class='ocrx_word' id='word_1_43' title='bbox 684 570 776 626; x_wconf 80' lang='lat' dir='ltr'>ruins.</span> 
     </span>
     <span class='ocr_line' id='line_1_7' title="bbox 186 646 760 722; baseline -0.005 -17"><span class='ocrx_word' id='word_1_44' title='bbox 186 649 368 722; x_wconf 87' lang='lat' dir='ltr'>Conspicuum</span> <span class='ocrx_word' id='word_1_45' title='bbox 379 646 467 702; x_wconf 80' lang='lat' dir='ltr'>virtus</span> <span class='ocrx_word' id='word_1_46' title='bbox 476 646 521 702; x_wconf 87' lang='lat' dir='ltr'>hic</span> <span class='ocrx_word' id='word_1_47' title='bbox 531 655 576 702; x_wconf 76' lang='lat' dir='ltr'>tun</span> <span class='ocrx_word' id='word_1_48' title='bbox 587 653 668 718; x_wconf 82' lang='lat' dir='ltr'>ponat</span> <span class='ocrx_word' id='word_1_49' title='bbox 676 663 760 718; x_wconf 89' lang='lat' dir='ltr'>opus.</span> 
     </span>
     <span class='ocr_line' id='line_1_8' title="bbox 94 721 901 794; baseline -0.005 -14"><span class='ocrx_word' id='word_1_50' title='bbox 94 735 120 781; x_wconf 75' lang='lat'>25</span> <span class='ocrx_word' id='word_1_51' title='bbox 148 726 215 780; x_wconf 87' lang='lat' dir='ltr'>Esse</span> <span class='ocrx_word' id='word_1_52' title='bbox 227 726 325 780; x_wconf 85' lang='lat' dir='ltr'>bonam</span> <span class='ocrx_word' id='word_1_53' title='bbox 344 721 420 778; x_wconf 79' lang='lat' dir='ltr'>facile</span> <span class='ocrx_word' id='word_1_54' title='bbox 433 730 487 789; x_wconf 79' lang='lat' dir='ltr'>est,</span> <span class='ocrx_word' id='word_1_55' title='bbox 509 722 571 788; x_wconf 82' lang='lat' dir='ltr'>ubi,</span> <span class='ocrx_word' id='word_1_56' title='bbox 592 721 665 794; x_wconf 89' lang='lat' dir='ltr'>quod</span> <span class='ocrx_word' id='word_1_57' title='bbox 680 730 753 777; x_wconf 75' lang='lat' dir='ltr'>vetet</span> <span class='ocrx_word' id='word_1_58' title='bbox 766 739 841 788; x_wconf 83' lang='lat' dir='ltr'>esse,</span> <span class='ocrx_word' id='word_1_59' title='bbox 861 739 901 776; x_wconf 87' lang='lat' dir='ltr'>re·</span> 
     </span>
     <span class='ocr_line' id='line_1_9' title="bbox 590 805 759 867; baseline 0 -15"><span class='ocrx_word' id='word_1_60' title='bbox 590 806 694 854; x_wconf 81' lang='lat' dir='ltr'><strong>motum</strong></span> <span class='ocrx_word' id='word_1_61' title='bbox 704 805 759 867; x_wconf 79' lang='lat' dir='ltr'>sst3</span> 
     </span>
     <span class='ocr_line' id='line_1_10' title="bbox 187 871 864 946; baseline -0.003 -16"><span class='ocrx_word' id='word_1_62' title='bbox 187 883 213 930; x_wconf 83' lang='lat' dir='ltr'>et</span> <span class='ocrx_word' id='word_1_63' title='bbox 223 873 305 940; x_wconf 89' lang='lat' dir='ltr'>nihil,</span> <span class='ocrx_word' id='word_1_64' title='bbox 326 871 428 939; x_wconf 80' lang='lat' dir='ltr'>officio,</span> <span class='ocrx_word' id='word_1_65' title='bbox 450 881 548 946; x_wconf 75' lang='lat' dir='ltr'>nupta,</span> <span class='ocrx_word' id='word_1_66' title='bbox 568 873 642 945; x_wconf 93' lang='lat' dir='ltr'>quod</span> <span class='ocrx_word' id='word_1_67' title='bbox 650 872 752 940; x_wconf 80' lang='lat' dir='ltr'>obstet,</span> <span class='ocrx_word' id='word_1_68' title='bbox 773 872 864 928; x_wconf 75' lang='lat' dir='ltr'>hebet.</span> 
     </span>
     <span class='ocr_line' id='line_1_11' title="bbox 150 948 851 1017; baseline -0.001 -12"><span class='ocrx_word' id='word_1_69' title='bbox 150 949 240 1017; x_wconf 87' lang='lat' dir='ltr'>Quum</span> <span class='ocrx_word' id='word_1_70' title='bbox 251 949 318 1004; x_wconf 89' lang='lat' dir='ltr'>deus</span> <span class='ocrx_word' id='word_1_71' title='bbox 329 948 458 1014; x_wconf 82' lang='lat' dir='ltr'>intonuit,</span> <span class='ocrx_word' id='word_1_72' title='bbox 480 966 533 1004; x_wconf 90' lang='lat' dir='ltr'>non</span> <span class='ocrx_word' id='word_1_73' title='bbox 547 965 576 1003; x_wconf 88' lang='lat' dir='ltr'>se</span> <span class='ocrx_word' id='word_1_74' title='bbox 585 948 737 1004; x_wconf 77' lang='lat' dir='ltr'>subducere</span> <span class='ocrx_word' id='word_1_75' title='bbox 746 948 851 1015; x_wconf 83' lang='lat' dir='ltr'>nimbo,</span> 
     </span>
     <span class='ocr_line' id='line_1_12' title="bbox 188 1021 751 1096; baseline 0 -17"><span class='ocrx_word' id='word_1_76' title='bbox 188 1025 216 1079; x_wconf 90' lang='lat' dir='ltr'>id</span> <span class='ocrx_word' id='word_1_77' title='bbox 225 1024 335 1080; x_wconf 90' lang='lat' dir='ltr'>demum</span> <span class='ocrx_word' id='word_1_78' title='bbox 346 1024 489 1096; x_wconf 65' lang='lat' dir='ltr'>resipiens,</span> <span class='ocrx_word' id='word_1_79' title='bbox 511 1022 539 1078; x_wconf 89' lang='lat' dir='ltr'>id</span> <span class='ocrx_word' id='word_1_80' title='bbox 547 1021 654 1079; x_wconf 78' lang='lat' dir='ltr'>socialis</span> <span class='ocrx_word' id='word_1_81' title='bbox 664 1041 751 1081; x_wconf 76' lang='lat' dir='ltr'>amor.</span> 
     </span>
     <span class='ocr_line' id='line_1_13' title="bbox 149 1099 901 1175; baseline -0.001 -20"><span class='ocrx_word' id='word_1_82' title='bbox 149 1101 217 1155; x_wconf 79' lang='lat' dir='ltr'>Rara</span> <span class='ocrx_word' id='word_1_83' title='bbox 228 1099 339 1171; x_wconf 85' lang='lat' dir='ltr'>quidem</span> <span class='ocrx_word' id='word_1_84' title='bbox 348 1099 450 1164; x_wconf 80' lang='lat' dir='ltr'>virtus,</span> <span class='ocrx_word' id='word_1_85' title='bbox 470 1117 554 1172; x_wconf 80' lang='lat' dir='ltr'><strong>quam</strong></span> <span class='ocrx_word' id='word_1_86' title='bbox 564 1117 619 1156; x_wconf 88' lang='lat' dir='ltr'>non</span> <span class='ocrx_word' id='word_1_87' title='bbox 627 1099 746 1156; x_wconf 80' lang='lat' dir='ltr'>Fortuna</span> <span class='ocrx_word' id='word_1_88' title='bbox 756 1100 901 1175; x_wconf 76' lang='lat' dir='ltr'>gubernet3</span> 
     </span>
     <span class='ocr_line' id='line_1_14' title="bbox 96 1172 847 1249; baseline 0.003 -19"><span class='ocrx_word' id='word_1_89' title='bbox 96 1187 121 1230; x_wconf 79' lang='lat' dir='ltr'>se</span> <span class='ocrx_word' id='word_1_90' title='bbox 187 1193 257 1247; x_wconf 86' lang='lat' dir='ltr'>quas</span> <span class='ocrx_word' id='word_1_91' title='bbox 267 1182 373 1230; x_wconf 80' lang='lat' dir='ltr'>maneat</span> <span class='ocrx_word' id='word_1_92' title='bbox 381 1172 486 1239; x_wconf 81' lang='lat' dir='ltr'>stabili,</span> <span class='ocrx_word' id='word_1_93' title='bbox 508 1191 594 1246; x_wconf 88' lang='lat' dir='ltr'><strong>quum</strong></span> <span class='ocrx_word' id='word_1_94' title='bbox 606 1173 675 1249; x_wconf 78' lang='lat' dir='ltr'>sugit</span> <span class='ocrx_word' id='word_1_95' title='bbox 685 1174 747 1241; x_wconf 85' lang='lat' dir='ltr'>ille,</span> <span class='ocrx_word' id='word_1_96' title='bbox 768 1176 847 1247; x_wconf 84' lang='lat' dir='ltr'>pede.</span> 
     </span>
     <span class='ocr_line' id='line_1_15' title="bbox 89 1249 818 1322; baseline 0.003 -17"><span class='ocrx_word' id='word_1_97' title='bbox 89 1262 93 1268; x_wconf 86' lang='grc'><strong>’</strong></span> <span class='ocrx_word' id='word_1_98' title='bbox 150 1250 177 1306; x_wconf 91' lang='lat' dir='ltr'>Si</span> <span class='ocrx_word' id='word_1_99' title='bbox 192 1259 281 1306; x_wconf 80' lang='lat' dir='ltr'>tamen</span> <span class='ocrx_word' id='word_1_100' title='bbox 290 1258 330 1305; x_wconf 71' lang='lat' dir='ltr'>est</span> <span class='ocrx_word' id='word_1_101' title='bbox 343 1251 458 1322; x_wconf 85' lang='lat' dir='ltr'>pretium</span> <span class='ocrx_word' id='word_1_102' title='bbox 468 1249 512 1304; x_wconf 88' lang='lat' dir='ltr'>cui</span> <span class='ocrx_word' id='word_1_103' title='bbox 524 1250 610 1305; x_wconf 86' lang='lat' dir='ltr'>virtus</span> <span class='ocrx_word' id='word_1_104' title='bbox 620 1250 679 1322; x_wconf 81' lang='lat' dir='ltr'>ipss</span> <span class='ocrx_word' id='word_1_105' title='bbox 692 1251 818 1322; x_wconf 80' lang='lat' dir='ltr'>petitum,</span> 
     </span>
     <span class='ocr_line' id='line_1_16' title="bbox 189 1325 748 1397; baseline 0.005 -18"><span class='ocrx_word' id='word_1_106' title='bbox 189 1326 271 1397; x_wconf 86' lang='lat' dir='ltr'>inque</span> <span class='ocrx_word' id='word_1_107' title='bbox 280 1343 377 1397; x_wconf 80' lang='lat' dir='ltr'>parum</span> <span class='ocrx_word' id='word_1_108' title='bbox 389 1325 463 1381; x_wconf 81' lang='lat' dir='ltr'>lestis</span> <span class='ocrx_word' id='word_1_109' title='bbox 473 1325 555 1380; x_wconf 80' lang='lat' dir='ltr'>ardua</span> <span class='ocrx_word' id='word_1_110' title='bbox 567 1325 648 1380; x_wconf 89' lang='lat' dir='ltr'>rebus</span> <span class='ocrx_word' id='word_1_111' title='bbox 657 1325 748 1395; x_wconf 75' lang='lat' dir='ltr'>adest3</span> 
     </span>
     <span class='ocr_line' id='line_1_17' title="bbox 151 1399 834 1474; baseline 0.006 -19"><span class='ocrx_word' id='word_1_112' title='bbox 151 1409 182 1456; x_wconf 87' lang='lat' dir='ltr'>ut</span> <span class='ocrx_word' id='word_1_113' title='bbox 191 1408 296 1472; x_wconf 82' lang='lat' dir='ltr'>ternpus</span> <span class='ocrx_word' id='word_1_114' title='bbox 308 1419 443 1467; x_wconf 78' lang='lat' dir='ltr'>numeres,</span> <span class='ocrx_word' id='word_1_115' title='bbox 464 1418 512 1474; x_wconf 88' lang='lat' dir='ltr'>per</span> <span class='ocrx_word' id='word_1_116' title='bbox 520 1399 624 1456; x_wconf 78' lang='lat' dir='ltr'>saecula</span> <span class='ocrx_word' id='word_1_117' title='bbox 636 1399 711 1457; x_wconf 81' lang='lat' dir='ltr'>nulls</span> <span class='ocrx_word' id='word_1_118' title='bbox 722 1409 834 1469; x_wconf 66' lang='lat' dir='ltr'>mestar,</span> 
     </span>
     <span class='ocr_line' id='line_1_18' title="bbox 188 1475 751 1550; baseline 0.005 -20"><span class='ocrx_word' id='word_1_119' title='bbox 188 1484 213 1530; x_wconf 78' lang='lat' dir='ltr'>et</span> <span class='ocrx_word' id='word_1_120' title='bbox 226 1475 281 1531; x_wconf 84' lang='lat' dir='ltr'>loca</span> <span class='ocrx_word' id='word_1_121' title='bbox 292 1476 438 1541; x_wconf 78' lang='lat' dir='ltr'>mirantur,</span> <span class='ocrx_word' id='word_1_122' title='bbox 459 1494 514 1549; x_wconf 78' lang='lat' dir='ltr'>qna</span> <span class='ocrx_word' id='word_1_123' title='bbox 523 1484 594 1550; x_wconf 78' lang='lat' dir='ltr'>patet</span> <span class='ocrx_word' id='word_1_124' title='bbox 605 1477 678 1533; x_wconf 88' lang='lat' dir='ltr'>orbis</span> <span class='ocrx_word' id='word_1_125' title='bbox 692 1478 751 1533; x_wconf 81' lang='lat' dir='ltr'>iter.</span> 
     </span>
     <span class='ocr_line' id='line_1_19' title="bbox 97 1549 752 1625; baseline 0.003 -17"><span class='ocrx_word' id='word_1_126' title='bbox 97 1564 122 1608; x_wconf 76' lang='grc'>35</span> <span class='ocrx_word' id='word_1_127' title='bbox 151 1551 284 1623; x_wconf 75' lang='lat' dir='ltr'><strong>Adspicis,</strong></span> <span class='ocrx_word' id='word_1_128' title='bbox 306 1559 336 1606; x_wconf 79' lang='lat' dir='ltr'>ut</span> <span class='ocrx_word' id='word_1_129' title='bbox 348 1549 428 1625; x_wconf 77' lang='lat' dir='ltr'>longo</span> <span class='ocrx_word' id='word_1_130' title='bbox 437 1559 524 1606; x_wconf 80' lang='lat' dir='ltr'>teneat</span> <span class='ocrx_word' id='word_1_131' title='bbox 534 1550 677 1608; x_wconf 79' lang='lat' dir='ltr'>laudabilis</span> <span class='ocrx_word' id='word_1_132' title='bbox 686 1571 752 1610; x_wconf 83' lang='lat' dir='ltr'>sevo</span> 
     </span>
     <span class='ocr_line' id='line_1_20' title="bbox 189 1626 739 1700; baseline -0.004 -17"><span class='ocrx_word' id='word_1_133' title='bbox 189 1645 285 1683; x_wconf 90' lang='lat' dir='ltr'>nomen</span> <span class='ocrx_word' id='word_1_134' title='bbox 298 1626 488 1682; x_wconf 79' lang='lat' dir='ltr'>inexstinctum</span> <span class='ocrx_word' id='word_1_135' title='bbox 498 1627 642 1700; x_wconf 78' lang='lat' dir='ltr'>Penelopes</span> <span class='ocrx_word' id='word_1_136' title='bbox 652 1627 739 1684; x_wconf 78' lang='lat' dir='ltr'>fides?</span> 
     </span>
     <span class='ocr_line' id='line_1_21' title="bbox 152 1701 809 1771; baseline 0.002 -12"><span class='ocrx_word' id='word_1_137' title='bbox 152 1703 256 1768; x_wconf 84' lang='lat' dir='ltr'>Cernis,</span> <span class='ocrx_word' id='word_1_138' title='bbox 277 1711 307 1758; x_wconf 79' lang='lat' dir='ltr'>ut</span> <span class='ocrx_word' id='word_1_139' title='bbox 318 1701 423 1758; x_wconf 72' lang='lat' dir='ltr'>Admeti</span> <span class='ocrx_word' id='word_1_140' title='bbox 432 1710 553 1758; x_wconf 78' lang='lat' dir='ltr'>cantetur</span> <span class='ocrx_word' id='word_1_141' title='bbox 563 1711 589 1758; x_wconf 87' lang='lat' dir='ltr'>et</span> <span class='ocrx_word' id='word_1_142' title='bbox 598 1704 716 1760; x_wconf 80' lang='lat' dir='ltr'>Hectoris</span> <span class='ocrx_word' id='word_1_143' title='bbox 729 1723 809 1771; x_wconf 80' lang='lat' dir='ltr'>uxor,</span> 
     </span>
     <span class='ocr_line' id='line_1_22' title="bbox 189 1778 745 1853; baseline 0 -19"><span class='ocrx_word' id='word_1_144' title='bbox 189 1797 309 1853; x_wconf 81' lang='lat' dir='ltr'>ausaque</span> <span class='ocrx_word' id='word_1_145' title='bbox 319 1780 346 1836; x_wconf 93' lang='lat' dir='ltr'>in</span> <span class='ocrx_word' id='word_1_146' title='bbox 358 1795 482 1836; x_wconf 78' lang='lat' dir='ltr'>recenses</span> <span class='ocrx_word' id='word_1_147' title='bbox 492 1779 582 1851; x_wconf 80' lang='lat' dir='ltr'>Iphias</span> <span class='ocrx_word' id='word_1_148' title='bbox 596 1780 633 1834; x_wconf 89' lang='lat' dir='ltr'>ire</span> <span class='ocrx_word' id='word_1_149' title='bbox 647 1778 745 1853; x_wconf 79' lang='lat' dir='ltr'>rogos?</span> 
     </span>
     <span class='ocr_line' id='line_1_23' title="bbox 152 1854 718 1930; baseline -0.005 -19"><span class='ocrx_word' id='word_1_150' title='bbox 152 1864 182 1911; x_wconf 88' lang='lat' dir='ltr'>ut</span> <span class='ocrx_word' id='word_1_151' title='bbox 192 1856 265 1911; x_wconf 85' lang='lat' dir='ltr'>vivat</span> <span class='ocrx_word' id='word_1_152' title='bbox 273 1855 344 1911; x_wconf 79' lang='lat' dir='ltr'><strong>famu</strong></span> <span class='ocrx_word' id='word_1_153' title='bbox 352 1855 453 1912; x_wconf 87' lang='lat' dir='ltr'>enniux</span> <span class='ocrx_word' id='word_1_154' title='bbox 462 1854 617 1930; x_wconf 78' lang='lat' dir='ltr'>Phylaceia,</span> <span class='ocrx_word' id='word_1_155' title='bbox 638 1855 718 1910; x_wconf 85' lang='lat' dir='ltr'>cuius</span> 
     </span>
     <span class='ocr_line' id='line_1_24' title="bbox 97 1929 763 2004; baseline 0 -20"><span class='ocrx_word' id='word_1_156' title='bbox 97 1938 123 1985; x_wconf 75' lang='lat'>40</span> <span class='ocrx_word' id='word_1_157' title='bbox 189 1931 296 1985; x_wconf 80' lang='lat' dir='ltr'>Iliacam</span> <span class='ocrx_word' id='word_1_158' title='bbox 307 1930 384 1985; x_wconf 85' lang='lat' dir='ltr'>celeri</span> <span class='ocrx_word' id='word_1_159' title='bbox 394 1931 437 1987; x_wconf 84' lang='lat' dir='ltr'>vir</span> <span class='ocrx_word' id='word_1_160' title='bbox 445 1931 513 2003; x_wconf 89' lang='lat' dir='ltr'>pede</span> <span class='ocrx_word' id='word_1_161' title='bbox 522 1931 619 2004; x_wconf 84' lang='lat' dir='ltr'>pressit</span> <span class='ocrx_word' id='word_1_162' title='bbox 629 1929 763 1985; x_wconf 75' lang='lat' dir='ltr'><strong>humum?</strong></span> 
     </span>
     <span class='ocr_line' id='line_1_25' title="bbox 151 2005 848 2078; baseline -0.004 -17"><span class='ocrx_word' id='word_1_163' title='bbox 151 2008 186 2061; x_wconf 80' lang='lat' dir='ltr'>At</span> <span class='ocrx_word' id='word_1_164' title='bbox 196 2023 258 2061; x_wconf 84' lang='lat' dir='ltr'>nece</span> <span class='ocrx_word' id='word_1_165' title='bbox 268 2005 305 2061; x_wconf 86' lang='lat' dir='ltr'>nil</span> <span class='ocrx_word' id='word_1_166' title='bbox 315 2024 383 2077; x_wconf 90' lang='lat' dir='ltr'>opus</span> <span class='ocrx_word' id='word_1_167' title='bbox 393 2015 433 2061; x_wconf 80' lang='lat' dir='ltr'>est</span> <span class='ocrx_word' id='word_1_168' title='bbox 442 2024 491 2077; x_wconf 88' lang='lat' dir='ltr'>pro</span> <span class='ocrx_word' id='word_1_169' title='bbox 501 2025 553 2071; x_wconf 78' lang='lat' dir='ltr'>me,</span> <span class='ocrx_word' id='word_1_170' title='bbox 574 2005 848 2078; x_wconf 83' lang='lat' dir='ltr'>sedamoreiidequs.</span> 
     </span>
     <span class='ocr_line' id='line_1_26' title="bbox 190 2080 730 2155; baseline 0.006 -21"><span class='ocrx_word' id='word_1_171' title='bbox 190 2083 248 2136; x_wconf 92' lang='lat' dir='ltr'>Non</span> <span class='ocrx_word' id='word_1_172' title='bbox 261 2099 294 2136; x_wconf 87' lang='lat' dir='ltr'>ex</span> <span class='ocrx_word' id='word_1_173' title='bbox 304 2081 407 2136; x_wconf 79' lang='lat' dir='ltr'>difficili</span> <span class='ocrx_word' id='word_1_174' title='bbox 418 2080 488 2136; x_wconf 85' lang='lat' dir='ltr'>iarna</span> <span class='ocrx_word' id='word_1_175' title='bbox 499 2081 610 2155; x_wconf 76' lang='lat' dir='ltr'>petenda</span> <span class='ocrx_word' id='word_1_176' title='bbox 621 2081 669 2136; x_wconf 80' lang='lat' dir='ltr'>tibi</span> <span class='ocrx_word' id='word_1_177' title='bbox 680 2092 730 2137; x_wconf 83' lang='lat' dir='ltr'>est.</span> 
     </span>
     <span class='ocr_line' id='line_1_27' title="bbox 152 2157 848 2230; baseline 0.004 -20"><span class='ocrx_word' id='word_1_178' title='bbox 152 2157 206 2210; x_wconf 87' lang='lat' dir='ltr'>Nec</span> <span class='ocrx_word' id='word_1_179' title='bbox 219 2165 244 2210; x_wconf 81' lang='lat' dir='ltr'>te</span> <span class='ocrx_word' id='word_1_180' title='bbox 253 2157 410 2222; x_wconf 84' lang='lat' dir='ltr'>credideris,</span> <span class='ocrx_word' id='word_1_181' title='bbox 431 2159 560 2230; x_wconf 84' lang='lat' dir='ltr'>quianon</span> <span class='ocrx_word' id='word_1_182' title='bbox 572 2157 651 2222; x_wconf 82' lang='lat' dir='ltr'>facis,</span> <span class='ocrx_word' id='word_1_183' title='bbox 672 2157 722 2212; x_wconf 83' lang='lat' dir='ltr'>ists</span> <span class='ocrx_word' id='word_1_184' title='bbox 733 2158 848 2213; x_wconf 86' lang='lat' dir='ltr'>moneri.</span> 
     </span>
     <span class='ocr_line' id='line_1_28' title="bbox 191 2231 781 2306; baseline 0.002 -20"><span class='ocrx_word' id='word_1_185' title='bbox 191 2231 253 2286; x_wconf 81' lang='lat' dir='ltr'>Vela</span> <span class='ocrx_word' id='word_1_186' title='bbox 265 2231 371 2298; x_wconf 79' lang='lat' dir='ltr'>damus,</span> <span class='ocrx_word' id='word_1_187' title='bbox 392 2233 519 2306; x_wconf 81' lang='lat' dir='ltr'>quemvis</span> <span class='ocrx_word' id='word_1_188' title='bbox 530 2233 629 2306; x_wconf 80' lang='lat' dir='ltr'>remige</span> <span class='ocrx_word' id='word_1_189' title='bbox 642 2233 718 2287; x_wconf 83' lang='lat' dir='ltr'>navis</span> <span class='ocrx_word' id='word_1_190' title='bbox 728 2240 781 2287; x_wconf 79' lang='lat' dir='ltr'>eat.</span> 
     </span>
     <span class='ocr_line' id='line_1_29' title="bbox 98 2306 907 2380; baseline 0.009 -19"><span class='ocrx_word' id='word_1_191' title='bbox 98 2314 124 2361; x_wconf 74' lang='lat' dir='ltr'>rs</span> <span class='ocrx_word' id='word_1_192' title='bbox 153 2306 205 2372; x_wconf 83' lang='lat' dir='ltr'>Qui</span> <span class='ocrx_word' id='word_1_193' title='bbox 216 2315 314 2372; x_wconf 78' lang='lat' dir='ltr'>monet,</span> <span class='ocrx_word' id='word_1_194' title='bbox 329 2307 458 2372; x_wconf 67' lang='lat' dir='ltr'>uisscias,</span> <span class='ocrx_word' id='word_1_195' title='bbox 472 2308 545 2380; x_wconf 91' lang='lat' dir='ltr'>quod</span> <span class='ocrx_word' id='word_1_196' title='bbox 557 2308 609 2363; x_wconf 79' lang='lat' dir='ltr'>ism</span> <span class='ocrx_word' id='word_1_197' title='bbox 619 2306 694 2373; x_wconf 77' lang='lat' dir='ltr'>fecis,</span> <span class='ocrx_word' id='word_1_198' title='bbox 716 2307 907 2367; x_wconf 71' lang='lat' dir='ltr'>memorando</span> 
     </span>
     <span class='ocr_line' id='line_1_30' title="bbox 191 2380 751 2454; baseline 0.004 -18"><span class='ocrx_word' id='word_1_199' title='bbox 191 2380 290 2446; x_wconf 82' lang='lat' dir='ltr'>iaudat.</span> <span class='ocrx_word' id='word_1_200' title='bbox 311 2392 337 2438; x_wconf 83' lang='lat' dir='ltr'>et</span> <span class='ocrx_word' id='word_1_201' title='bbox 346 2384 452 2438; x_wconf 73' lang='lat' dir='ltr'>hortatu</span> <span class='ocrx_word' id='word_1_202' title='bbox 461 2384 615 2454; x_wconf 77' lang='lat' dir='ltr'>comprobet</span> <span class='ocrx_word' id='word_1_203' title='bbox 624 2391 680 2438; x_wconf 70' lang='lat' dir='ltr'>ecta</span> <span class='ocrx_word' id='word_1_204' title='bbox 690 2401 751 2440; x_wconf 88' lang='lat' dir='ltr'>suo.</span> 
     </span>
    </p>
   </div>
   <div class='ocr_carea' id='block_1_3' title="bbox 390 2580 615 2615">
    <p class='ocr_par' dir='ltr' id='par_1_3' title="bbox 390 2580 615 2615">
     <span class='ocr_line' id='line_1_31' title="bbox 390 2580 615 2615; baseline -0.018 3"><span class='ocrx_word' id='word_1_205' title='bbox 390 2580 615 2615; x_wconf 46' lang='lat' dir='ltr'>*usn-—</span> 
     </span>
    </p>
   </div>
   <div class='ocr_carea' id='block_1_4' title="bbox 0 0 961 2970">
    <p class='ocr_par' dir='ltr' id='par_1_4' title="bbox 0 0 961 2970">
     <span class='ocr_line' id='line_1_32' title="bbox 0 0 961 2970; baseline 0 0"><span class='ocrx_word' id='word_1_206' title='bbox 0 0 961 2970; x_wconf 95' lang='lat' dir='ltr'> </span> 
     </span>
    </p>
   </div>
  </div>
 </body>
</html>
