1898 2970
152 108 205 159 EX
223 108 357 157 PONTO
376 109 430 157 EP.
443 111 513 158 LIB.
526 112 545 158 1.
564 112 622 159 BL.
637 116 660 159 6.
676 104 721 179 (d.)
758 106 809 163 287

93 210 210 286 profuit,
231 219 311 285 atque
320 212 424 269 utinum
434 230 488 269 non
498 212 632 269 nocuisset
642 232 720 287 opus.

57 286 343 363 Curigiturscribnm‚
364 287 490 345 mireris?
515 289 597 345 Miror
606 298 632 344 et
640 289 713 361 ipse3

94 373 121 420 et
130 381 240 421 meeum
249 381 348 437 quaero
356 377 444 437 saepe,
465 364 531 436 quid
541 364 603 419 inde
612 374 711 436 petam.
839 381 864 423 to

57 440 101 497 An
110 439 230 513 populus
241 457 304 495 vero
313 457 393 496 senos
403 448 483 515 neget
490 457 550 496 esse
560 442 661 512 podten

96 532 215 589 sumque
223 515 291 571 fides
300 515 384 571 huius
396 534 513 572 maxume
523 517 596 572 vocis
605 515 672 591 ego?

57 593 123 666 qui,
143 590 228 647 sterili
237 591 313 648 toties
323 609 409 663 quum
421 591 472 647 sim
482 591 607 665 deceptus
616 593 650 647 ab
659 611 733 658 arvo,

97 667 227 723 damnose
236 674 325 739 persto
334 667 447 723 oondere
458 685 550 724 semen
563 669 656 724 humo.

58 742 166 800 Soiiioet
174 750 215 799 ost
222 742 338 814 cupidus
352 742 502 799 studiorum
513 746 630 816 quisque
640 760 766 812 suorum;
839 756 863 798 35

98 826 206 890 ternpus
215 825 241 872 et
250 824 355 874 assueto
366 835 464 889 ponere
476 818 505 873 in
514 826 569 875 erte
582 820 665 874 iuvat.

59 893 176 951 saucius
185 893 267 949 evitet
275 910 382 967 pugnos
392 893 536 967 gladiator,
557 903 582 949 et
592 894 664 949 idem

97 970 242 1025 immemor
250 968 356 1040 antiqui
365 968 485 1024 vulneris
497 987 572 1024 arma
580 970 661 1040 capit.

59 1044 104 1101 Nil
114 1045 168 1101 sibi
178 1061 241 1100 oum
251 1043 339 1121 pelagi
347 1043 413 1100 dicit
423 1044 477 1100 iore
487 1043 633 1119 naufragus
644 1043 724 1099 undis
733 1064 739 1113 3

97 1120 207 1177 etduoit
215 1137 317 1187 remos,
338 1137 392 1191 que
402 1119 481 1176 modo
491 1120 564 1175 nevit
573 1137 653 1193 aquo.
839 1127 865 1174 tu

58 1196 104 1253 Sio
112 1214 163 1272 ego
172 1203 322 1253 constanter
331 1195 452 1250 studium
463 1213 515 1252 non
526 1195 591 1250 utile
601 1213 692 1264 sorv03

97 1279 232 1345 etrepoto,
253 1270 351 1328 nollem
359 1289 428 1345 quas
438 1270 563 1337 coluisse,
584 1271 657 1327 dens.

59 1348 133 1415 Quid
141 1345 357 1420 potiusiuoiam‘?
384 1349 444 1403 Non
453 1364 531 1413 sum,
551 1347 600 1420 qui
610 1346 702 1422 segnia
711 1346 808 1401 ducam

96 1424 161 1480 otio.
192 1424 265 1479 Mors
275 1423 353 1479 nobis
363 1430 469 1495 tempus
481 1422 594 1479 hebetur
604 1423 686 1479 iners.

58 1500 114 1555 Neo
123 1500 200 1554 iuvet
209 1497 238 1555 in
249 1497 335 1554 luoem
345 1499 430 1555 nimio
439 1516 599 1555 memeseero
608 1499 685 1556 uino.
841 1504 866 1549 45

99 1591 148 1629 neo
157 1582 229 1630 tenet
238 1574 351 1631 inoertes
361 1575 416 1630 nien
427 1574 524 1631 biunde
533 1593 642 1631 manus.

58 1649 152 1717 Quum
163 1648 287 1706 dedimus
296 1668 577 1724 somno,quescorpus
587 1649 713 1722 postulet,
721 1649 809 1710 hores,

97 1743 155 1799 quo
163 1743 262 1797 ponam
274 1725 389 1800 vigilans
399 1734 517 1798 tempore
526 1726 606 1798 longa
619 1723 717 1781 modo?

59 1801 143 1857 Moris
154 1818 189 1856 an
197 1799 298 1857 oblitus
307 1802 386 1874 pntrii
395 1801 552 1858 contendere
561 1801 664 1856 ducam

96 1875 357 1943 Sarmaticosureus,
377 1874 646 1933 ottreharartelooi‘i
840 1887 865 1928 50

59 1953 114 2009 Hoc
124 1969 235 2025 quoque
245 1970 288 2007 me
296 1953 418 2009 studium
427 1950 569 2025 prohibent
577 1968 714 2007 assumere
723 1951 807 2006 viros:

97 2044 231 2100 mensque
240 2028 326 2103 magis
336 2029 428 2102 gracili
438 2045 547 2100 corpore
556 2036 645 2083 nostra
654 2026 733 2084 velet.

59 2103 154 2171 Quum
160 2103 552 2176 benequnesieris,quidegem;
565 2104 651 2177 magis
657 2101 721 2157 utile
728 2099 764 2155 nil
771 2109 811 2156 est

98 2178 203 2235 artibus
212 2178 270 2245 his,
290 2196 360 2252 quae
371 2178 409 2234 nil
421 2176 543 2235 utilitatis
552 2177 661 2234 habent.

60 2254 218 2327 Consequor
228 2272 261 2311 ex
274 2255 332 2310 istis
342 2273 421 2311 casus
431 2253 529 2310 oblivio
540 2254 633 2309 nostri.
840 2263 865 2305 55

97 2331 174 2385 Hono
183 2348 297 2386 mensem
308 2331 374 2386 satis
384 2339 425 2386 est
433 2330 456 2385 si
468 2347 526 2385 mea
537 2328 624 2384 reddit
632 2329 744 2384 humus.

59 2405 153 2463 Gloria
163 2424 212 2462 vos
221 2415 312 2473 acuat,
333 2425 396 2473 vos,
418 2415 447 2461 ut
458 2408 562 2460 recitate
572 2406 717 2476 probentur

97 2482 231 2550 carmine,
252 2482 346 2537 Pieriis
357 2481 494 2556 invigilate
503 2481 601 2536 choris.

58 2556 140 2625 Quod
151 2559 225 2613 venit
235 2575 269 2614 ex
279 2557 364 2625 incili,
385 2559 450 2613 satis
461 2564 502 2613 est
511 2573 674 2632 componere
679 2555 781 2615 uotiua

92 2632 318 2689 animisr'ntenti
326 2635 647 2697 caussaleborisubest.
870 2635 903 2676 ii
