1898 2970
141 165 192 223 27d
327 170 356 216 Ρ.
376 167 506 217 ov1n11
523 168 694 216 NASONIS

180 289 233 329 nou
244 269 452 327 minushocillo
462 271 544 337 triste,
565 269 640 344 quod
650 277 712 326 aute
721 270 794 328 dedi.

141 348 231 404 Rebus
244 346 325 413 idem,
348 346 425 402 titulo
434 347 539 402 differt:
560 355 586 401 et
596 346 709 419 epistola
718 349 763 403 cui
774 348 810 403 sit

181 441 234 479 nou
244 422 374 479 occultato
387 423 496 479 uomina
505 423 588 477 missa
600 422 687 479 docet.

142 501 195 555 Nec
207 517 256 555 vos
265 498 316 556 hcc
326 498 417 565 vultis,
438 498 485 554 sed
496 515 545 555 nec
553 497 696 571 prohibere
704 499 828 572 potastis:

88 587 113 630 20
180 577 313 648 Musaque
322 574 355 630 ad
366 576 465 631 invitos
474 573 592 630 officiosa
607 575 692 630 venit.

144 651 283 725 Quidquid
293 651 321 707 id
330 659 378 716 est,
386 650 502 724 adiunge
513 650 590 705 meis.
611 649 687 704 Nihil
697 650 886 724 impeditortca

182 726 284 794 exsule,
305 728 417 783 servatis
427 724 543 800 legibus,
563 724 635 781 Urbs
643 724 711 781 frui.

144 803 222 872 Quod
235 810 338 859 metuas
348 820 401 859 non
411 811 460 857 est.
497 801 595 857 Antoni
606 800 705 873 scripta
716 801 855 878 leguntur:

182 880 275 935 doctus
285 887 310 934 et
320 879 349 935 in
361 887 468 951 promtu
480 877 578 933 scrinia
590 878 691 932 Brutus
699 877 792 936 habet.

90 967 116 1010 25
145 952 664 1011 Necmenominibussuriosusccniero
673 955 769 1012 tantis.

181 1031 265 1087 Saeva
272 1030 336 1087 deos
345 1037 435 1087 contra
447 1047 500 1086 non
510 1037 599 1084 tamen
609 1045 684 1085 arma
696 1029 759 1088 tuli.

144 1105 265 1178 Denique
274 1105 409 1172 Caesareo,
431 1105 504 1178 quod
515 1123 567 1161 nou
577 1105 788 1179 desideratipse,

182 1199 237 1238 non
246 1189 317 1236 caret
326 1198 340 1238 e
350 1182 449 1237 uostris
460 1181 534 1236 ullus
544 1180 644 1236 honore
656 1180 734 1238 liber.

145 1256 173 1312 Si
183 1256 291 1312 dubitas
301 1257 335 1313 de
344 1275 402 1324 me,
424 1256 516 1312 laudes
526 1255 636 1312 admitte
645 1256 769 1328 deorum,

90 1342 116 1388 tc
181 1340 207 1387 et
216 1349 322 1388 carmen
333 1333 422 1389 demto
432 1332 540 1390 nomine
549 1350 628 1388 sume
638 1350 741 1391 meum.

144 1408 263 1465 Adiuvat
272 1408 301 1463 in
310 1407 497 1480 belio'pacatae
506 1426 599 1464 ramus
609 1404 711 1467 olivae:

182 1483 300 1557 proderit
309 1490 443 1539 auctorem
452 1484 527 1556 pacis
536 1484 634 1541 habere
645 1485 736 1540 nihil?

145 1559 237 1631 Quum
248 1558 313 1616 foret
322 1559 425 1615 Aeneae
434 1560 525 1615 cervia
535 1560 655 1616 subiecta
667 1561 785 1634 parenti,

182 1635 280 1693 dicitur
289 1636 346 1708 ipsa
360 1635 418 1692 viro
428 1632 536 1693 flamma
545 1635 651 1691 dedisse
660 1638 744 1694 viam.

91 1725 117 1770 55
146 1714 207 1770 Fert
217 1712 284 1769 iiber
294 1712 447 1769 Aeneaden:
469 1719 494 1768 et
503 1729 558 1769 non
568 1713 618 1768 iter
626 1730 707 1769 omne
716 1713 838 1788 patebit?

183 1789 218 1846 At
227 1789 327 1862 patriae
335 1796 411 1863 pater
419 1787 478 1860 hic;
500 1789 587 1862 ipsius
596 1787 642 1844 ille
651 1787 712 1845 fuit.

146 1866 248 1939 Ecquis
259 1867 294 1921 ita
305 1874 344 1921 est
352 1862 456 1934 audax,
476 1873 507 1921 ut
517 1863 611 1921 limina
619 1872 696 1940 cogat
705 1864 781 1922 abire

184 1943 324 1998 iactantem
333 1941 429 1997 Pharia
439 1940 544 1997 tinnula
556 1941 635 1996 sistra
644 1939 748 1998 manu?

147 2017 215 2073 Ante
225 2017 305 2073 deum
314 2018 425 2074 Matrem
438 2036 521 2074 cornu
532 2017 631 2074 tibicen
640 2016 746 2074 adunco

92 2097 118 2144 tu
184 2110 271 2165 quum
281 2093 366 2163 canit;
388 2093 501 2169 exiguae
511 2092 574 2168 quis
584 2091 663 2166 stipis
671 2111 731 2149 aera
747 2093 849 2168 neget?

147 2167 255 2225 Scimus
265 2170 300 2225 ab
310 2170 422 2242 imperio
432 2170 489 2226 [ieri
500 2169 539 2225 nil
548 2167 600 2225 tale
608 2169 722 2235 Dianae:

184 2244 258 2299 unde
266 2253 355 2301 tamen
365 2244 448 2312 vivat,
470 2244 627 2302 vaticinator
636 2245 726 2301 habet.

148 2319 207 2389 Ipsa
219 2330 327 2376 movent
336 2321 441 2377 animos
451 2320 615 2394 Superorum
627 2320 741 2377 numina
750 2327 874 2394 uostr0s3

185 2402 263 2466 turpe
275 2414 323 2451 uec
333 2405 374 2452 est
382 2395 428 2453 tali
438 2395 593 2454 credulitate
603 2398 672 2471 capi.

94 2475 119 2523 ta
147 2469 190 2525 En
200 2487 248 2544 ego
257 2489 306 2548 pro
315 2472 395 2530 sistro
403 2472 570 2548 Phrygiique
579 2473 709 2530 foramine
720 2471 789 2530 buxi

185 2544 273 2619 gentis
284 2544 371 2604 luleae
381 2549 492 2606 nomina
503 2556 594 2603 sancta
603 2547 668 2606 fero.

148 2619 285 2678 vaticinor
293 2639 456 2698 moneoque;
478 2622 567 2679 locum
582 2613 848 2688 datesacrafereuti:

186 2715 241 2756 non
254 2695 332 2767 mihi,
354 2698 401 2756 sed
412 2717 510 2776 magno
518 2700 637 2773 poscitur
646 2699 691 2758 ille
700 2699 762 2760 deo.

106 2912 205 2934 *a
