1898 2970
103 241 154 299 278
294 246 322 292 P.
344 244 473 292 ovum
490 242 658 291 NASONIS

142 347 232 405 mollia
243 345 391 421 naufragiis
400 346 485 402 littora
495 344 651 418 poesednri

105 425 196 492 Quum
207 422 294 488 video,
316 440 398 496 quam
407 423 532 479 sint-mea
542 420 593 477 fata
604 421 717 488 tenacia,
733 421 857 498 frangor,

143 517 260 573 spesque
272 497 339 553 levis
349 515 447 572 magno
458 497 526 552 vieta
537 498 632 552 limora
641 497 724 554 oadil.

52 588 78 633 65
105 577 160 632 Neo
174 584 263 631 tamen
274 574 387 630 ulterius
396 573 547 646 quidquam
557 590 816 646 sperovepreeorve,

144 669 228 726 quam
239 649 309 706 male
321 656 423 704 mutato
431 665 512 720 posse
520 665 608 703 carere
619 647 686 704 loeo.

108 727 163 784 Aut
171 727 231 793 hoc,
253 734 299 781 aut
311 723 377 779 nihil
390 733 444 789 est,
465 741 514 795 pro
524 742 567 779 me
578 731 677 779 lentare
688 725 807 781 modeste

146 804 230 878 gralia
241 800 314 876 quod
323 798 398 856 salvo
407 807 494 855 vestra
505 799 607 870 pudore
615 807 707 871 queat.

247 1013 609 1072 arra-nonnuli.
640 991 728 1097 (aaa)

304 1131 368 1174 Al)
413 1132 431 1173 E
453 1131 475 1174 U
497 1132 521 1174 lli
542 1130 562 1172 D
585 1131 604 1173 E
625 1133 660 1174 Μ,

112 1244 238 1322 Suscipe,
259 1245 536 1311 Romanaelaoundia,
552 1245 683 1312 Mammea,
706 1247 825 1324 linguae.

147 1323 266 1380 diflicilia
274 1340 385 1379 caussae
400 1323 467 1378 mite
474 1322 662 1395 patrocinium.

111 1399 252 1466 Estmala3
273 1399 412 1454 oonlileor:
434 1398 481 1453 aad
495 1398 597 1455 lebona
609 1397 769 1472 fielagente.

150 1475 230 1530 Lenia
241 1491 289 1546 pro
299 1474 395 1528 misera
406 1472 447 1528 lae
458 1473 537 1529 modo
546 1474 627 1528 verba
637 1472 712 1547 fuga.

57 1566 69 1609 a
111 1551 200 1607 Nescit
209 1551 281 1605 enim
292 1549 397 1614 Caesar,
418 1550 545 1620 quamvis
556 1548 622 1604 daus
634 1551 725 1605 omnia
736 1553 816 1617 norit,

149 1627 262 1683 ultimus
273 1626 317 1681 hio
327 1642 381 1697 qua
393 1623 428 1679 sil
437 1624 588 1680 conditione
598 1624 682 1680 loeus.

113 1706 209 1777 Magna
219 1708 310 1758 tenent
321 1701 389 1756 illud
400 1718 501 1756 numen
512 1699 651 1756 molimina
661 1718 769 1757 rerum:

151 1781 216 1835 haec
225 1775 675 1851 estcoelestipactoreeuraminnr.

113 1859 262 1921 Necvaoat‚
284 1855 313 1910 in
323 1872 377 1926 qua
387 1853 442 1909 sint
451 1853 530 1924 positi
540 1851 649 1926 ragione
658 1853 791 1920 Tomitae,

60 1944 100 1987 10·
150 1947 285 2006 quaerere,
307 1929 422 1985 finitimo
431 1929 478 1984 vix
488 1928 543 1984 loca
557 1934 616 1983 uota
628 1928 722 1995 Galam

115 2017 160 2064 aut
169 2007 237 2080 quid
247 2005 417 2062 Sauromatae
430 2003 541 2070 faciant,
563 2003 630 2076 quid
639 2004 750 2079 lazyges
761 2017 847 2071 acres,

151 2084 276 2156 cultaque
285 2080 407 2137 Oresteae
417 2080 528 2137 Taurica
538 2088 606 2134 nerra
616 2079 695 2134 deae:

114 2176 237 2230 quaeque
250 2157 316 2213 aliae
324 2163 427 2232 gentes,
448 2156 496 2212 ubi
509 2155 606 2230 frigore
613 2154 733 2210 constitit
741 2156 818 2221 later,

153 2233 220 2287 dura
231 2241 320 2289 meant
331 2231 408 2288 celari
418 2239 492 2306 terga
501 2249 549 2304 per
558 2231 646 2286 amnis
657 2247 738 2302 equo.

62 2321 87 2363 la
115 2308 231 2364 Maxima
242 2326 304 2380 para
313 2307 455 2363 homiuum
467 2323 515 2362 nae
525 2315 560 2373 te,
575 2305 767 2379 pulcherrima,
780 2316 865 2375 ourat.

152 2384 250 2449 Roma,
272 2401 320 2439 nac
329 2381 443 2439 Ausonii
457 2382 552 2438 militia
564 2399 637 2437 arma
647 2383 733 2437 timet.

116 2460 183 2512 Dant
197 2457 251 2512 illia
262 2459 365 2514 animos
375 2475 455 2513 arnus
464 2458 612 2530 plenaeque
622 2459 776 2530 pharetram

153 2541 290 2608 quamque
299 2532 365 2590 libet
374 2532 463 2610 longis
472 2533 690 2605 uorsibus-aptus
702 2550 806 2605 equus;

100 2611 233 2690 quodque
242 2611 320 2671 silim
333 2610 514 2673 didiceroaliu
523 2607 818 2677 lolerarelamemnum

24 2696 55 2741 20
125 2681 854 2773 quodquesequenanullashoaliananelinaauaa.

69 2771 118 2830 Ira
132 2774 192 2836 viri
199 2777 288 2840 mitis
297 2794 366 2840 non
379 2792 430 2835 ma
441 2760 728 2831 misissaala'rsiam.
