1898 2970
153 143 204 199 286
339 144 371 193 P.
392 143 520 193 ovum
537 134 709 190 NASONIS

294 390 556 449 nris'rona
586 390 649 444 vr.
678 364 777 471 (ν)-

327 512 349 554 A
371 512 391 554 D
435 512 458 554 Μ
480 510 500 551 d
522 510 545 553 X
567 509 577 551 l
600 510 624 553 Μ
646 508 668 551 U
688 510 726 553 Μ.

158 618 206 679 llle
216 633 276 680 tuos
285 622 420 696 quondam
432 639 485 677 non
496 619 610 676 ultimus
619 620 689 675 inter
700 624 814 691 amicos,

194 708 224 755 ut
234 718 281 754 sun
293 699 373 755 verba
384 696 471 770 legas,
490 698 621 762 Maxime,
642 698 714 752 Naso
723 704 810 772 rogat.

158 779 187 831 ln
199 777 301 847 quibus
312 773 451 846 ingenium
461 772 559 827 desiste
571 772 708 844 requirere
716 780 852 841 nostrum,

197 851 303 906 nescius
312 847 400 903 exsilii
412 865 446 902 ne
456 847 560 903 videare
570 848 633 903 mei.

104 940 115 981 5
159 927 261 990 Cernis,
283 933 314 979 ut
323 925 452 998 ignavum
462 930 636 996 corrumpant
645 922 829 996 otiaoorpual
889 956 894 963 ·

197 1012 227 1056 ut
238 1001 345 1071 capiant
354 999 461 1065 vitium,
484 1000 511 1054 ni
521 1005 689 1064 moveantur,
710 998 818 1072 aquae?

159 1077 202 1131 Sic
213 1076 294 1141 mibi,
315 1074 338 1129 si
348 1076 411 1147 quis
421 1082 489 1140 erat.
510 1073 625 1131 ducendi
645 1075 855 1132 ccrminisusus

197 1150 298 1219 deficit;
320 1151 510 1222 estqueminor
520 1149 605 1205 lactus
614 1149 698 1205 inerte
706 1150 773 1206 situ.

159 1228 228 1281 llaec
238 1243 356 1299 quoquc,
370 1242 440 1298 quae
450 1224 547 1298 legitis,
567 1226 599 1299 (si
609 1226 677 1297 quid
687 1226 766 1294 mihi,
782 1225 910 1286 Maxime,

639 1301 736 1368 credis,

106 1392 131 1433 ro
198 1377 342 1432 scribimus
353 1377 435 1431 invita
447 1377 548 1449 vixque
556 1384 680 1431 movente
690 1301 785 1434 modu.

160 1454 219 1506 Non
231 1450 294 1506 libet
303 1452 331 1506 in
343 1451 406 1505 tales
416 1453 538 1507 animum
549 1452 706 1507 contendere
716 1470 807 1520 curas,

199 1544 246 1581 neo
257 1527 329 1581 venit
340 1526 366 1580 in
377 1527 459 1582 duros
469 1530 545 1583 Musa
556 1536 647 1583 vocata
658 1529 749 1584 Getas.

161 1604 194 1658 Ut
205 1614 291 1658 tamen
303 1603 361 1674 ipse
371 1602 458 1669 vides,
480 1602 565 1658 luomr
575 1602 704 1659 deducere
714 1622 835 1660 versum.

198 1679 249 1734 Sed
260 1697 313 1734 non
325 1679 354 1733 fit
364 1677 416 1733 lato
426 1678 530 1735 mollior
540 1678 585 1732 illc
598 1696 666 1734 meo.

107 1771 132 1812 15
161 1757 252 1822 (tuum
262 1754 506 1829 relego‚scripsisse
515 1755 611 1827 pudet:
624 1756 688 1827 quia
699 1755 910 1826 plurimaeerno,

200 1849 241 1885 me
252 1849 374 1904 quoque,
395 1832 444 1903 qui
454 1831 516 1896 leci,
537 1831 626 1885 iudico
638 1830 719 1904 digna
732 1831 792 1886 lini.

162 1910 215 1962 Nec
226 1916 312 1962 tamen
318 1908 443 1963 emendo:
456 1906 809 1980 laborhio‚quamscribere‚
818 1910 914 1964 maior:

199 2000 329 2055 mensque
339 1984 392 2054 pati
403 1983 503 2037 durum
513 1983 628 2038 sustinet
637 1998 715 2057 aegra
725 1982 807 2039 nihil.

162 2058 266 2114 Scilicet
275 2058 402 2130 incipiam
412 2058 475 2112 lima
486 2058 636 2114 mordacius
645 2058 695 2124 uti,

108 2147 133 2189 uo
199 2143 224 2188 et
234 2136 286 2190 sub
299 2134 430 2189 iudicium
440 2133 546 2208 singula
555 2134 635 2190 verba
648 2131 761 2189 vocem?

162 2211 278 2280 Torquet
287 2210 358 2266 enim
368 2210 485 2265 Fortuna
494 2226 599 2283 purum,
612 2208 786 2265 nisiNilusiu
793 2210 912 2265 Hebrum

200 2285 333 2340 eonlluat‘l
351 2294 377 2340 et
386 2284 492 2341 frondes
502 2285 616 2358 Alpibus
627 2285 706 2340 addat
716 2284 820 2340 Athos?

163 2359 328 2416 Parcendum
338 2369 378 2416 est
391 2363 480 2415 animo
489 2360 641 2416 miserabile
649 2360 752 2416 vulnus
761 2360 884 2416 habenti.

201 2431 362 2491 Subducunt
370 2437 443 2491 oneri
454 2435 519 2492 colla
531 2444 638 2509 perusta
650 2437 743 2492 boves.

109 2520 134 2563 25
163 2506 206 2571 m,
218 2517 292 2578 puto,
305 2511 407 2566 fructus
417 2511 499 2578 adest,
515 2512 662 2567 iustissima
671 2530 766 2568 caussa
778 2511 911 2568 laborum:

201 2590 227 2636 et
237 2583 364 2639 sa'ta'cum
376 2586 461 2642 multo
470 2587 575 2642 foenore
585 2587 670 2642 reddit
682 2587 762 2660 ager?

158 2660 182 2720 T
177 2678 277 2740 empus
287 2662 321 2722 ad
331 2663 385 2722 hoc
395 2663 477 2723 nobis
486 2662 673 2742 lreptlasl'uet
679 2658 899 2725 omdxrbmxllum
