1898 2970
144 152 177 205 36
336 155 363 199 P.
385 153 512 199 ovum
531 153 696 200 Nasorus

144 259 269 331 Longum
278 262 333 310 erat
342 255 449 311 armari.
478 254 594 311 Diversis
604 254 659 310 exit
667 262 784 330 uterque

180 331 313 406 partibus.
342 329 461 386 Occursu
470 330 566 404 praeda
577 338 679 403 recepta
688 330 766 388 Remi
777 351 804 391 as

143 409 178 463 Ut
188 406 278 472 rediit,
299 407 417 463 verubus
427 406 564 461 stridentia
574 404 688 461 detrahit
696 414 772 464 exta:

181 490 262 554 atqua
270 480 321 549 ait,
342 482 411 537 llaec
419 489 488 536 certe
499 499 552 536 nou
563 480 616 536 nisi
625 481 709 538 victor
718 483 788 541 edat.

89 570 128 613 ³75
143 557 217 612 Dicta
227 555 303 621 lacit,
324 556 455 629 Fabiique
465 555 558 611 simul.
588 555 770 614 Venitirritus
780 559 800 616 il

181 630 326 698 Romulus,
347 639 373 686 et
381 648 490 686 mensas
499 647 613 703 ossaque
622 630 694 686 nuda
705 631 789 690 videt.

145 709 226 775 Risit3
247 715 273 763 et
283 705 398 763 indoluit
406 706 503 762 Fabios
512 706 630 779 potuisse
640 707 804 782 Remumqur

181 783 300 839 vincare:
323 780 482 849 Quinctilius
494 798 546 835 non
556 782 675 853 potuisse
684 799 761 839 suos.

144 859 225 914 Fama
235 866 325 913 manet
334 856 410 913 lacti:
431 856 517 929 posito
527 857 658 912 velamine
666 868 792 927 currunt,

90 946 129 990 tau
180 942 206 989 et
216 951 361 990 memorem
372 932 486 998 lamam,
507 931 555 1004 qui
568 931 744 1018 benegessit,
766 935 804 991 ha

144 1011 266 1066 Forsitan
276 1017 302 1065 et
312 1026 441 1082 quaeras,
461 1024 509 1062 cur
520 1007 555 1062 sit
565 1006 638 1062 locus
651 1007 696 1063 rlle
705 1009 805 1083 Luper(

181 1084 363 1158 quaevediam
373 1082 420 1138 tali
432 1083 541 1138 nomina
549 1099 643 1137 caussa
655 1090 735 1140 notet.

144 1160 236 1235 Sylvia
245 1157 359 1215 Vestalis
369 1157 489 1213 eoelestia
499 1157 602 1214 semina
612 1167 690 1231 partu

182 1233 312 1300 ediderat,
334 1242 429 1306 patruo
437 1250 519 1309 regna
529 1241 634 1290 terrente
642 1252 702 1290 suo.

90 1324 128 1366 385
144 1314 169 1367 Is
179 1311 253 1366 iubat
262 1308 358 1364 aularri
368 1325 480 1382 parvos,
500 1316 527 1365 et
536 1309 565 1366 in
574 1326 653 1365 amne
664 1309 761 1366 uacari.

182 1382 347 1454 Quidlacisl
374 1385 415 1441 Ex
425 1385 484 1440 istis
494 1384 626 1441 Romulus
636 1384 702 1440 altar
711 1385 771 1442 erit.

145 1464 219 1518 iussa
229 1467 381 1517 recusantes
390 1469 522 1536 peragunt
532 1460 671 1517 lacrimosa
684 1461 803 1519 ministri

183 1535 260 1592 Flent
269 1535 351 1591 simul
361 1542 387 1591 st
414 1537 517 1591 eminos
528 1536 561 1590 ad
572 1535 626 1592 loca
638 1536 712 1591 iussa
725 1532 803 1595 le‘ruu

145 1611 257 1678 Albula,
277 1629 359 1684 quem
369 1611 400 1665 Ti
436 1612 486 1666 rim
498 1629 602 1666 mersus
612 1612 755 1668 Tiberinus
765 1614 795 1670 in

91 1701 129 1745 atu
182 1687 310 1753 reddidit,
331 1687 451 1745 hibernis
460 1687 526 1743 forta
535 1687 654 1742 tumebat
664 1687 753 1760 aquis.

145 1766 208 1829 Hic,
229 1764 275 1819 uhi
288 1761 515 1829 andefonsum,
538 1761 631 1817 lintres
639 1780 742 1818 errasse
754 1765 805 1821 vid

182 1857 290 1912 quaqua
301 1840 386 1896 iacent
397 1839 494 1906 vallas,
515 1837 631 1894 Maxime
643 1837 732 1904 Circa,
754 1845 805 1897 tua<

147 1916 203 1968 Huc
213 1913 260 1967 ubi
270 1922 414 1978 venerunt,
434 1914 613 1988 (nequeenim
622 1913 805 1988 procederaps

183 1986 311 2060 longius)
329 2003 363 2041 ex
373 1986 428 2040 illis
438 2005 510 2045 unus
519 1996 546 2042 et
558 1989 622 2044 altar
635 1991 685 2044 ait:

92 2075 131 2117 395
145 2061 186 2118 ah
197 2078 280 2134 quam
289 2069 354 2116 suut
362 2060 478 2116 similas!
489 2063 614 2136 aliquam
624 2064 757 2121 formosus
767 2074 805 2123 utr

182 2137 248 2201 Plus
259 2145 345 2193 tamen
354 2155 389 2195 ex
402 2137 455 2193 illis
463 2137 513 2193 iste
521 2140 622 2214 vigoris
632 2140 721 2196 habat.

146 2210 174 2267 Si
183 2230 270 2288 genus
281 2214 404 2288 arguitur
413 2212 506 2279 vultu,
527 2215 580 2271 uisi
591 2212 661 2271 fallit
670 2215 769 2290 imago,

184 2287 273 2343 nescio
282 2306 364 2361 quem
374 2308 389 2344 a
398 2290 477 2345 vobis
487 2290 608 2361 suspicor
617 2307 676 2346 esse
684 2290 777 2347 deum.

147 2362 181 2418 At
193 2364 216 2418 si
230 2363 293 2434 quis
302 2373 404 2420 vestrae
413 2365 480 2420 daus
490 2373 559 2419 esset
568 2366 680 2440 originis
691 2373 793 2435 auctor,

94 2448 132 2494 tou
184 2439 211 2493 in
223 2447 277 2493 tam
287 2440 423 2513 praecipiti
434 2447 552 2512 tempore
563 2440 641 2497 serrat
653 2459 741 2514 opem.

148 2515 237 2569 Ferret
245 2531 322 2586 opem
332 2523 414 2581 certa,
435 2517 459 2572 si
470 2534 524 2573 nou
534 2534 583 2593 ope
593 2514 798 2592 mauregaratz‘

183 2590 328 2664 quaefacta
339 2599 380 2648 est
390 2609 444 2650 uuo
454 2599 540 2650 matur
550 2601 577 2647 at
587 2593 653 2648 arba
660 2593 717 2646 dia.

129 2667 201 2724 Nata
209 2668 310 2740 tumul,
334 2669 473 2730 moritura
484 2667 575 2727 simul
584 2664 672 2722 simul
678 2665 720 2718 its
727 2663 806 2716 sulas
