1898 2970
62 214 66 227 Ι
197 150 388 201 sursulus
405 152 476 200 urs.
490 153 534 202 ιν.
554 155 612 203 uu.
628 156 671 205 ιο.
757 151 808 207 2t7

52 242 325 324 iammihieauities,
344 253 433 328 pulsis
441 252 696 326 melionuasannis

91 338 214 401 renuat,
233 331 361 407 antiquas
371 329 568 406 miscueratque
576 350 681 392 mures:

52 415 340 485 postquemecsertus
351 408 443 464 Pisaea
452 408 560 464 viuctru
569 407 640 466 oliva
837 424 863 468 et

92 483 243 543 abstulerat
250 482 339 541 decies
347 482 466 557 praemia
478 484 563 541 victer
571 501 669 558 aquea:

53 578 145 637 quum
154 560 239 617 maris
251 559 353 617 Euxini
364 560 465 633 pesitus
474 559 509 617 ad
519 559 593 618 laeva
603 561 720 619 Tomitas

92 653 225 713 quaerere
234 652 278 692 me
287 633 352 691 laesi
360 635 494 709 principis
503 635 544 691 ira
552 636 637 693 iubet.

54 714 161 772 Caussa
170 711 359 769 meascunctis
369 711 487 768 nimium
496 729 607 787 queque
616 721 676 770 uota
690 712 784 771 ruinae

92 788 196 847 indicio
205 805 261 845 ucu
270 794 312 845 est
320 787 485 845 testificanda
495 805 566 846 mec.
824 804 863 847 tue

54 864 130 934 Quid
140 862 254 921 referam
269 863 453 937 comitumque
463 862 553 931 nefas,
574 862 745 996 famulosque
761 883 810 923 ne-

596 948 685 996 centes

93 1017 157 1089 Ipss
165 1013 252 1072 multa
262 1012 312 1071 tuli
322 1031 377 1070 nen
387 1012 487 1071 leviora
499 1011 574 1090 tuga.

52 1092 199 1167 indignata
208 1089 289 1147 malis
298 1107 375 1146 meus
384 1097 425 1147 est
433 1090 619 1159 succumbere,
640 1110 722 1168 seque

93 1166 228 1241 praestitit
237 1165 366 1223 invictam
376 1166 483 1222 viribus
493 1184 543 1222 uss
555 1168 627 1224 suis:

53 1242 435 1331 oblitusquemeiductaeque
444 1243 644 1316 persuasitas,
825 1260 864 1304 tes

92 1317 203 1377 inschta
212 1318 271 1392 cepi
281 1318 600 1391 temporisarmamanu:

55 1403 149 1470 totque
159 1393 209 1451 tuli
219 1401 288 1451 terra
298 1411 377 1451 casus
387 1391 550 1469 pelagoque,
571 1402 637 1469 quot
647 1396 715 1454 inter

93 1468 232 1528 oecultum
242 1468 334 1526 stellae
345 1470 579 1545 conspicuumque
586 1471 691 1547 polum.

54 1548 137 1604 Tacta
147 1546 216 1603 mihi
229 1545 337 1602 tandem
348 1545 436 1621 longis
446 1547 581 1604 erroribus
590 1555 648 1605 actu

93 1623 187 1679 iuncta
196 1621 356 1697 pharetratis
366 1620 494 1679 Sarmatis
504 1640 549 1680 ora
559 1624 643 1680 Getis.
825 1636 864 1681 tiu

56 1698 107 1757 Hic
117 1716 177 1773 ego,
197 1697 322 1755 finitimis
331 1698 459 1772 quamvis
470 1700 653 1756 circumsonor
663 1698 756 1766 armis,

93 1773 193 1841 tristia,
213 1790 399 1848 quopessum‚
419 1775 538 1832 carmine
547 1774 600 1831 fata
611 1774 680 1832 levo.

55 1849 137 1921 Quod
146 1849 274 1924 quemvis
284 1868 363 1908 neme
375 1858 417 1907 est
428 1850 508 1907 cuius
517 1849 646 1909 referatur
655 1851 689 1907 ed
699 1869 787 1919 auree,

94 1925 136 1982 sic
145 1934 236 1983 tamen
244 1925 360 1984 absumo
368 1926 526 2001 decipioque
535 1927 618 1983 diem.

54 2004 140 2077 Ergo,
161 2000 235 2075 qued
244 2002 319 2072 vive,
333 2002 464 2077 durisque
473 2003 610 2061 lebetibus
623 2005 709 2069 obsto,
825 2016 864 2061 tte

95 2092 147 2133 nec
155 2094 200 2134 me
209 2075 337 2135 sollicitae
347 2079 432 2136 taedia
443 2079 512 2135 lucis
523 2079 636 2149 habent3

54 2152 155 2230 gratia,
173 2154 263 2220 unsa.
284 2154 351 2210 tibi:
373 2173 435 2211 nam
447 2164 476 2211 tu
486 2154 579 2211 solatia
589 2156 715 2229 praebes3

96 2236 128 2287 tu
136 2244 217 2287 curte
228 2229 347 2303 requies,
367 2238 396 2286 tu
408 2231 540 2287 medicina
550 2231 638 2287 venis.

54 2306 100 2363 Tu
110 2304 178 2373 dux,
197 2312 380 2363 tuccmeses:
402 2314 431 2363 tu
442 2324 492 2363 nos
504 2306 750 2377 abducisahlstrc;

54 2379 758 2532 ffifflffliidiiiiiiiiiuusa
823 2396 863 2443 ¹²⁰

93 2550 206 2600 nomeu,
227 2533 743 2608 ahaxsequiisqueddereFamasolet:

55 2608 689 2776 ”summus
