1898 2970
152 137 184 191 ii
345 142 373 185 P.
394 140 520 186 ov1n11
539 140 705 185 Nasonis

188 260 257 315 quae
268 241 364 313 premit
374 240 488 297 invisam
501 256 594 296 socrus
604 239 697 313 iniqua
708 258 810 301 nurum

151 315 304 373 Tantalidae
314 315 407 371 iratres
417 317 520 380 absint,
541 324 567 371 et
578 316 770 383 leonianam,

188 402 214 448 et
223 410 293 465 quae
302 391 425 448 ruricolis
434 391 536 447 semina
548 399 613 447 tosta
623 389 709 446 dedit:

151 480 177 525 et
188 485 276 534 soror,
296 474 321 522 et
330 469 444 532 Procne,
465 467 618 539 Tereusque
626 463 733 522 duabus
744 466 825 541 iniqu

98 559 136 600 sao
188 552 214 600 et
225 544 382 615 quicunque
391 559 455 597 suas
466 558 514 614 per
523 540 611 597 scelus
624 548 704 615 auget
712 558 790 613 opes.

151 622 198 676 Dis
208 620 313 693 generis
323 619 382 673 date
392 624 465 682 tura,
485 616 560 671 boni.
590 616 737 673 Concordia
749 616 833 675 fertur

190 694 233 750 ilia
244 695 385 768 praecipue
396 692 469 746 mitis
481 691 573 747 adesse
582 691 635 747 die.

153 770 379 841 Etlibotedopes,
400 775 445 832 ut,
465 768 533 853 grati
544 767 644 841 pignus
655 766 776 835 honoris,

190 847 291 902 nutriat
301 845 430 900 incinctos
440 861 523 898 missa
533 842 629 915 patella
638 844 730 898 Lares.

98 933 137 977 ets
152 924 261 995 iamque
275 920 322 975 ubi
332 918 456 975 suadebit
465 917 584 991 placidos
594 935 647 973 nox
658 918 772 975 humida
781 938 854 979 sonu

189 998 262 1071 larga
273 994 403 1067 precaturi
414 995 512 1050 sumite
522 995 585 1049 vina
597 1010 696 1049 manu:

153 1082 192 1137 et,
207 1074 343 1133 benevcs‚
359 1069 476 1132 boneta,
492 1070 592 1139 patriae
602 1070 864 1141 pateroptimeCu

190 1146 269 1201 dicito
278 1142 382 1199 suffuso
390 1161 438 1216 per
448 1160 523 1199 sacre
531 1144 613 1200 verba
622 1161 705 1201 mero.

153 1287 219 1351 Nox
229 1295 276 1349 ubi
287 1293 434 1360 transierit,
455 1294 533 1352 solito
542 1294 688 1351 celebretur
696 1293 809 1367 honore,

100 1381 138 1428 oto
190 1377 294 1443 separat
304 1368 403 1426 indicio
411 1370 460 1442 qui
470 1371 536 1426 deus
547 1388 609 1425 arva
620 1388 681 1426 suo.

153 1447 291 1512 Termino,
312 1444 462 1516 sivelapis‚
483 1444 827 1523 siveeedeiossusinagm

191 1523 273 1593 stipes
284 1520 317 1574 ob
329 1521 462 1592 antiquis.
483 1529 512 1576 tu
522 1538 631 1594 quoque
640 1538 743 1578 numen
752 1522 848 1583 hebes.

154 1599 190 1652 Te
200 1598 253 1653 duo
264 1595 369 1650 diversa
379 1594 482 1651 domini
492 1597 526 1650 do
534 1607 608 1668 parte
616 1604 759 1667 coronant3

190 1674 308 1744 binaque
319 1678 387 1725 serta
397 1671 445 1726 tibi
455 1670 574 1744 binaque
585 1670 639 1727 liba
648 1671 747 1728 ierunt.

101 1761 139 1802 sas
154 1749 205 1804 Ara
215 1748 258 1804 bt:
281 1746 335 1802 huc
344 1746 434 1821 ignem
444 1754 518 1803 curta
530 1746 579 1802 tert
588 1748 687 1804 rustica
696 1755 762 1805 testa

191 1831 312 1879 sumtum
321 1822 355 1877 de
363 1822 459 1893 tepidis
469 1823 526 1894 ipsa
538 1822 630 1880 colona
640 1821 715 1878 iocis.

155 1899 239 1971 Ligna
248 1913 333 1952 senex
341 1897 453 1961 minuit,
474 1899 633 1972 concisaque
645 1899 776 1955 construit
785 1908 857 1973 arte3

193 1980 217 2025 et
226 1971 310 2027 solida
319 1987 407 2025 ramos
418 1970 498 2044 figere
505 1981 608 2047 pugnat
617 1974 711 2030 humo.

156 2048 224 2101 Tum
234 2048 304 2101 sicco
313 2045 414 2117 primes
424 2045 509 2103 irritat
517 2049 612 2105 cortice
621 2048 757 2106 flammas:

101 2136 141 2179 tto
193 2130 244 2176 stat
253 2140 330 2193 puer,
351 2128 378 2176 et
386 2122 512 2178 manibus
523 2123 575 2179 lata
584 2125 699 2181 canistra
709 2133 789 2182 tenet.

156 2197 233 2262 Inde,
254 2198 301 2252 ubi
311 2206 351 2253 ter
360 2196 450 2272 fruges
460 2197 561 2256 medios
571 2199 685 2255 immisit
696 2201 725 2257 in
735 2202 823 2275 ignes,

192 2272 305 2346 porrigit
314 2273 413 2328 incisos
423 2271 478 2328 iiiia
487 2290 569 2345 parva
581 2274 666 2332 favos.

156 2349 224 2405 Vina
233 2355 323 2403 tenent
332 2346 391 2404 alii:
414 2347 531 2406 libantur
543 2351 585 2406 sin
625 2350 651 2406 la
662 2349 790 2407 flammis.

193 2423 331 2496 Spectant,
351 2431 377 2479 et
387 2423 489 2499 linguis
497 2426 575 2481 candi
595 2425 809 2483 aturbciavent.
889 2474 892 2479 .

103 2512 141 2555 555
155 2499 293 2573 Spargitur
304 2507 329 2554 et
337 2517 413 2556 caeso
422 2501 575 2557 eommunis
584 2501 729 2558 Terminus
738 2519 825 2572 aquea
884 2512 890 2561 ἱ

187 2593 239 2632 nec
250 2575 389 2652 queritur,
411 2575 515 2635 lactens
525 2594 618 2650 quum
625 2575 776 2643 sibipemu
784 2573 877 2652 ἥλω.
893 2591 894 2650 t

135 2651 330 2730 Conveniunt,
352 2654 562 2730 celebrantque
571 2640 894 2724 nemetensem

121 2858 143 2902 ὶ
