1898 2970
142 156 175 209 58
330 154 360 201 Ρ.
382 155 509 202 ovuutt
528 154 696 203 eunome

89 274 128 319 205
142 260 306 319 nonveuiunt
315 267 413 330 nuptae
422 257 520 313 dictem
531 254 641 312 lunonis
651 256 681 313 in
692 256 805 317 aedem:

181 353 250 408 quas
260 334 328 388 inter
338 352 396 389 rnen
405 334 445 389 sic
455 341 495 389 est
504 349 590 390 nurus
600 348 661 389 oren
669 329 766 407 loqui:

144 411 274 485 Opariter
282 419 380 481 raptae,
391 409 530 483 (quoniam
539 408 590 464 hoo
599 424 746 467 eommune
754 416 869 467 tenemur

183 504 236 543 non
246 483 315 542 uitrn
325 484 410 540 lautae
421 500 567 556 possumus
575 499 634 539 esse
646 483 717 555 piae.

145 563 220 619 Stant
229 562 313 619 acies:
333 560 380 616 sed
390 568 449 614 utra
459 558 487 613 dr
500 560 613 631 sintpro
623 566 698 630 parte
707 560 834 635 regendi.

92 652 130 695 tm
183 637 282 711 eligite.
311 634 497 699 Hincceuiux,
518 634 843 707 hincpeternrmntenet.

146 713 333 781 Quaerendum
343 720 397 775 est,
418 709 702 777 viduaefierimalitis,
724 710 858 768 nnorbee.

184 788 333 845 Consilium
344 785 421 842 robis
432 784 497 841 forte
510 785 641 857 piumque
649 784 730 843 dubo.

147 864 296 921 Consilium
306 862 422 919 dederat.
451 862 556 927 Parent,
577 863 720 934 crinesque
729 862 867 921 resolvunt

184 950 338 1012 moestaque
349 937 457 994 funerea
467 954 576 1009 nnrpora
585 943 658 992 veste
668 944 774 1011 tegunt.

93 1028 131 1071 215
146 1019 202 1072 lam
212 1022 336 1072 steterant
344 1014 414 1070 acies
422 1014 491 1070 ferro
500 1013 633 1085 mortique
643 1020 765 1085 paratae:

186 1094 239 1147 iarn
249 1090 333 1145 lituus
342 1106 449 1162 pugnae
460 1090 537 1163 signa
547 1088 659 1144 daturus
669 1094 740 1145 erat:

147 1184 234 1239 quum
243 1172 332 1236 raptae
340 1164 453 1219 veniunt
462 1164 530 1219 inter
540 1174 682 1236 patresque
690 1164 834 1240 virusque;

185 1243 268 1314 inque
276 1240 339 1293 sinu
351 1246 425 1294 natos
435 1238 547 1313 pignora
555 1257 616 1295 aare
625 1245 726 1295 tenent.

148 1318 182 1373 Ut
192 1315 310 1372 medium
321 1314 409 1387 campi
418 1314 511 1371 scissis
521 1324 629 1372 tenuere
640 1314 762 1387 cupillis3

94 1405 133 1449 atu
187 1393 320 1448 interram
330 1392 417 1464 posito
426 1391 592 1464 procubuere
601 1407 688 1465 genu:

148 1477 187 1536 et,
209 1468 287 1541 quasi
298 1468 439 1533 sentirent,
460 1466 559 1522 blando
567 1466 682 1522 clamore
691 1474 802 1539 nepotes

186 1543 328 1599 tendebant
337 1542 371 1597 ad
381 1560 444 1598 avos
454 1543 562 1598 brachia
574 1560 656 1613 parva
665 1559 740 1598 suos.

149 1620 201 1687 Qui
211 1625 320 1692 poterat,
341 1616 472 1674 clamabat
481 1635 573 1682 avum,
595 1626 653 1672 turn
663 1617 782 1691 denique
794 1619 869 1677 visun

187 1694 449 1769 etquivixpoternt‚
469 1702 737 1766 pnssecoactnsernt.

95 1785 133 1828 225
149 1771 286 1830 Telaviris
296 1769 434 1843 animique
444 1769 557 1826 eadunt:
578 1768 730 1843 gladiisque
741 1772 851 1828 remotis

186 1845 467 1922 dantsoeerigeneris‚
488 1842 686 1918 accipiuntque,
708 1862 824 1905 manus:

149 1922 421 1993 laudatasquetenent
431 1929 520 1985 natam
541 1927 671 1994 scutoque
682 1928 807 1991 nepotem

187 1995 326 2051 ferturus:
348 1993 731 2052 hinscutidulciorususernt.

149 2070 214 2127 Inde
223 2069 295 2127 diem
303 2068 459 2144 primasque
468 2086 541 2126 meas
551 2071 682 2128 celebrare
690 2070 827 2129 Kalendas

96 2158 134 2202 230
186 2145 309 2205 Oebaliae
318 2152 415 2202 matres
426 2163 480 2203 non
490 2144 547 2203 leve
557 2165 659 2202 munus
669 2147 783 2203 habent:

150 2229 196 2276 aut
207 2222 285 2294 quia,
306 2220 436 2279 committi
445 2221 542 2278 strictis
554 2221 728 2279 mucronibus
737 2240 830 2291 nusae.

187 2296 310 2352 finierant
319 2298 436 2353 lacrimis
445 2298 538 2352 Martie
548 2297 617 2353 bella
628 2299 699 2353 suis:

150 2372 205 2437 vel,
227 2372 299 2443 quod
308 2382 363 2428 erat
372 2372 406 2428 de
415 2389 458 2426 me
468 2371 577 2428 feliciter
585 2372 633 2429 Ilia
643 2381 736 2440 mater,

188 2448 236 2502 rita
246 2445 336 2503 nolunt
347 2457 443 2503 matres
453 2464 527 2502 sacra
537 2447 663 2522 diemque
672 2468 774 2506 meum.

41 2602 43 2606 Ι
96 2536 135 2580 235
149 2521 239 2592 Quid‘?
258 2523 329 2593 quod
345 2524 447 2589 hiems,
468 2523 591 2595 adoperta
607 2524 686 2613 gelu,⁸
704 2534 770 2582 tuuc
783 2527 869 2603 deniq¹

93 2693 98 2700 ·
177 2600 731 2753 etpereuntviotaeSoletepenteiiiids'.
