1898 2970
125 193 176 249 ³¹11
309 198 340 243 P.
361 196 491 244 ovum
506 197 674 245 NASONIS

162 301 231 358 inter
240 298 404 355 inhumanos
415 315 512 356 noman
521 299 618 355 habere
628 295 717 356 Getas.

125 375 262 434 Materiam
271 373 399 448 quaeris?
420 374 525 430 Laudes
533 374 567 430 de
575 374 687 430 Caesare
698 374 765 431 dixi.

163 449 261 507 Adiuta
271 458 311 504 est
320 450 424 506 novitas
433 449 545 507 numina
555 457 644 506 nostra
653 450 706 505 dei.

72 540 98 584 ‘25
126 529 194 582 Nam
206 526 290 599 patris
300 525 416 600 Augusti
425 524 505 582 doeui
513 524 624 581 mortale
636 524 720 581 fuisse

163 618 276 674 corpus;
297 600 326 656 in
338 600 467 656 aetherias
477 617 578 656 numan
593 600 681 657 abisse
689 599 796 657 domos:

126 694 186 733 essa
194 694 286 750 param
297 677 393 732 virtute
402 675 480 746 patri,
501 677 549 747 qui
560 675 633 732 irena
644 683 752 751 rugatus

165 769 243 825 saepe
252 751 364 807 recusati
374 750 472 822 ceperit
486 750 605 823 imperii:

128 846 187 885 esee
195 828 354 901 pudicarum
367 825 519 891 tevestem,
540 825 631 892 Livia,
652 833 779 892 matrum,

75 915 100 958 30
166 904 335 977 ambiguum,
357 910 418 956 nato
427 900 535 975 dignior
544 918 613 957 anne
622 903 695 958 viro:

129 979 264 1035 esseduos
278 979 401 1042 iuvenes,
421 976 498 1032 firma
508 976 661 1033 adiumenta
670 978 799 1044 Parentis,

164 1054 214 1126 qui
223 1053 343 1110 dederint
351 1051 435 1107 animi
444 1053 472 1124 pi
493 1069 556 1108 nora
566 1060 635 1108 certa
646 1053 700 1108 aui.

129 1129 198 1185 Haec
208 1128 254 1183 ubi
267 1146 318 1184 non
329 1127 412 1200 patrie
423 1068 522 1200 periegi
534 1128 631 1200 scripta
641 1126 767 1192 Camena,

167 1203 274 1261 renitet
283 1204 317 1259 ad
327 1201 529 1278 digitasuitima
540 1203 630 1258 charta
639 1221 727 1271 meos3

77 1291 102 1335 35
130 1287 156 1334 et
165 1287 245 1352 caput
254 1287 279 1334 et
288 1278 381 1351 plenas
390 1295 484 1334 omnes
494 1295 600 1334 movere
616 1279 763 1351 pharetras,

167 1361 193 1410 et
202 1354 313 1441 longum
324 1353 415 1410 Getioo
424 1371 549 1410 murmur
558 1354 587 1410 in
596 1372 641 1409 ore
649 1354 710 1410 fuit.

130 1428 217 1502 Atque
226 1429 334 1501 aliquis,
342 1428 447 1484 Scribas
457 1429 522 1485 haee
532 1447 618 1502 quum
628 1429 662 1484 da
670 1429 873 1496 Caesaradixir.

168 1505 288 1562 Caesaris
298 1503 409 1576 imperio
422 1505 601 1561 restituendus
612 1524 679 1560 eras.

131 1579 178 1637 Ille
188 1580 297 1653 quidem
308 1579 385 1644 dixit,
407 1579 455 1634 sed
464 1579 583 1645 maiam,
604 1579 679 1646 Care,
701 1580 783 1636 nivali

79 1664 103 1712 aa
168 1664 241 1712 sexta
252 1655 397 1732 relegatum
407 1655 503 1711 brume
513 1655 566 1710 sub
577 1673 626 1711 axa
636 1656 717 1712 videt.

132 1731 256 1788 Carmina
267 1730 436 1805 nilprosunt;
447 1732 717 1788 nocueruntcarmina
725 1732 874 1805 quondam:

168 1808 309 1882 primaque
318 1815 372 1863 tam
383 1807 494 1863 miserae
504 1823 599 1862 caussa
613 1806 686 1863 suere
694 1807 783 1883 fugae.

128 1885 196 1942 Atta
205 1901 253 1957 per
262 1883 343 1939 studii
354 1883 507 1940 communia
521 1882 623 1938 foedera
633 1885 711 1950 sacri,

168 1977 216 2033 per
225 1976 278 2016 non
288 1957 341 2014 vile
351 1959 398 2013 tibi
411 1976 508 2016 nomen
517 1958 660 2027 amicitie03

80 2042 104 2089 rs
133 2037 171 2091 sic
184 2043 259 2110 capto
267 2035 350 2090 Latiis
361 2034 535 2091 Germanicus
545 2034 620 2090 hoste
629 2035 728 2089 catenis

171 2111 307 2168 materiam
318 2111 413 2167 vestris
423 2109 513 2166 afferat
522 2110 651 2185 ingeniis3

134 2188 173 2239 sic
183 2186 287 2243 valeant
296 2188 382 2259 pueri,
403 2194 494 2243 votum
504 2203 647 2242 commune
656 2185 782 2240 deorum:

172 2277 241 2330 quos
256 2261 315 2318 laus
325 2261 477 2318 formandos
487 2261 585 2317 esttibi
596 2278 693 2336 magua
703 2260 791 2330 datos3

134 2342 233 2406 quanta
244 2344 317 2407 potes
327 2338 423 2410 praebe
433 2345 536 2393 nostrae
546 2345 680 2394 momenta·
689 2335 783 2392 saluti:

82 2421 107 2463 5⁰
172 2425 242 2480 quae
252 2412 304 2466 nisi
314 2421 415 2470 mutato
425 2411 497 2470 nulla
510 2411 599 2468 sutura
610 2411 666 2468 loeo
675 2419 725 2466 est.
