1898 2970
126 112 174 166 192
314 114 345 162 1².
367 112 692 181 0351311353305513Ι

124 218 253 290 Denique,
274 234 360 289 quum
370 216 472 271 meritis
481 214 636 289 impleveris
645 215 749 284 omnia,
770 216 872 285 Caesar,

162 311 224 365 pars
234 292 302 348 mihi
314 292 347 348 de
356 291 449 348 multis
460 310 515 349 una
524 290 642 349 canenda
653 290 721 349 fnit:

71 383 108 427 335
123 378 207 441 utque
218 369 327 424 trahunt
336 367 426 425 oculos
437 368 565 424 radiantia
578 366 684 424 lumina
693 366 780 441 Solia;

163 446 306 500 traxissent
314 445 436 501 animum
446 444 487 499 sio
496 451 541 499 tua
550 441 618 499 iacta
628 460 736 513 meum..
906 508 909 513 ¹

125 523 230 594 arguor
239 520 381 576 immerito.
413 519 514 575 'ianuis
523 518 591 574 mihi
601 536 717 593 campus
726 528 830 579 aratur:
905 526 910 567 ἑ

162 578 231 652 iliud
242 605 296 652 erat
306 612 418 669 magnae
428 593 569 651 fertilitatis
578 611 655 666 opus.

126 674 185 727 Non
197 672 254 727 ideo
264 671 341 727 debet
351 670 446 744 pelago
456 687 486 725 so
494 669 614 737 eredere,
634 670 659 725 ei
672 687 729 743 qun

72 761 111 804 333
164 748 243 803 audet
256 748 283 802 in
294 746 392 821 exiguo
403 744 494 801 ludere
502 745 600 821 cymba
610 743 682 802 laen.

128 826 226 880 Forsan
237 822 272 896 (et
281 822 331 877 hoo
339 820 482 896 dubitem.)
491 820 613 877 numeris
622 820 774 879 levioribus
783 832 860 897 oratos

165 901 303 964 sinantia,
323 898 352 953 in
362 914 459 969 parvos
468 894 657 970 sufficiamque
667 896 779 955 modos:

128 976 187 1031 atsi
198 993 241 1030 mo
251 974 344 1030 iubeas
353 972 468 1031 domitos
477 972 549 1030 lovis
557 972 621 1047 igno
630 972 763 1049 Gigantes

165 1051 265 1115 dicere,
286 1057 426 1106 conantem
435 1047 585 1113 debilitabit
592 1066 673 1109 onus.

74 1138 112 1182 335
127 1126 222 1181 Divitis
232 1124 333 1198 ingenii
343 1133 397 1191 est,
418 1124 548 1181 immania
560 1122 749 1193 Caesariaaota

165 1200 290 1266 condere,
311 1201 421 1257 materia
431 1217 465 1257 ne
473 1208 614 1273 superetur
622 1216 709 1273 opna:

128 1286 153 1331 ot
164 1284 251 1331 tamen
263 1295 346 1332 ausus
356 1293 443 1334 erem:
464 1276 513 1333 aad
521 1276 665 1335 detrectare
672 1274 797 1347 videbar,

165 1351 386 1424 quodquenefn,
407 1352 689 1411 domnovirihueeaaa
701 1352 769 1410 tuia.

129 1427 169 1483 Ad
180 1427 237 1483 lavo
246 1444 341 1484 rursus
351 1446 430 1501 opus,
452 1428 580 1491 iuvenilia
593 1428 724 1495 carmina,
746 1430 826 1499 voni;

75 1513 114 1562 333
166 1512 192 1559 et
200 1501 267 1561 falso
278 1503 349 1560 movi
358 1512 452 1577 pectus
464 1523 554 1563 amore
563 1522 665 1561 meum.

128 1581 188 1638 Non
199 1579 325 1654 equidem
334 1580 446 1637 vellem:
468 1580 636 1639 aedmemea
646 1578 700 1637 iata
710 1580 861 1647 trahebant,

168 1659 250 1730 inque
260 1675 332 1713 meas
341 1675 440 1730 poenas
453 1656 609 1733 ingeniosus
618 1672 704 1712 erana.

130 1736 187 1790 Hau
198 1735 280 1789 mihi!
302 1752 350 1790 cnr
359 1733 459 1789 didioi‘?
477 1750 525 1789 our
535 1731 699 1789 medoouere
708 1732 853 1804 parentent

169 1811 297 1882 litoraque
306 1808 445 1867 estooulos
454 1808 510 1865 ulla
520 1815 620 1865 morato
629 1807 723 1865 menei

77 1893 115 1939 355
130 1886 199 1938 Hanc
210 1886 257 1938 tibi
269 1904 312 1939 me
322 1887 442 1943 invisum
452 1884 562 1943 laaoivia
571 1883 640 1949 fecit,
660 1884 696 1941 ob
705 1886 797 1954 Artos,

168 1977 236 2030 quas
247 1967 319 2016 ratus
330 1979 358 2016 as
368 1963 462 2019 vetitos
472 1960 614 2025 sollicitare
622 1967 704 2017 toros.

132 2034 182 2089 Sed
194 2053 280 2107 noque
290 2053 334 2091 mo
343 2046 442 2108 nuptae
450 2037 601 2093 didicerunt
610 2034 679 2093 furta
689 2036 839 2111 magistro:

170 2111 296 2184 quodque
306 2113 500 2183 parumnovit‚
522 2111 700 2170 nemodooere
708 2120 810 2183 potent.

132 2185 176 2240 Sin
185 2205 234 2260 ego
243 2186 350 2243 delicias
360 2196 386 2244 et
395 2188 486 2246 mollin
496 2188 614 2245 earmina
623 2185 683 2253 feni,

78 2272 118 2317 350
171 2264 308 2319 strinxerit
318 2273 349 2319 nt
358 2281 456 2321 nomen
466 2263 557 2321 [nbula
568 2262 642 2319 nulla
652 2280 746 2319 meunt
757 2283 763 2319 :

134 2354 182 2392 neo
192 2339 339 2411 qnisquam
348 2340 462 2397 estadeo
472 2340 559 2395 media
569 2339 601 2395 de
610 2338 688 2411 plebe
697 2339 826 2407 maritus,

170 2420 201 2466 ut
210 2413 311 2469 dubius
320 2415 385 2471 vitio
397 2416 433 2471 sit
442 2423 517 2488 pater
530 2415 574 2471 iile
588 2432 656 2471 meo.

134 2487 217 2543 Credo
227 2489 309 2556 mihi,
329 2490 430 2548 distant
439 2509 526 2549 mores
537 2510 551 2547 a
561 2489 679 2546 earmina
688 2498 791 2546 nostro.

172 2563 231 2618 Vita
241 2567 390 2624 verecunda
400 2576 449 2636 ost,
469 2567 547 2623 Musa
558 2566 645 2623 ioeoea
654 2582 724 2621 mea.

81 2651 120 2695 355
135 2640 285 2715 Magnaque
294 2659 357 2716 pars
368 2642 599 2715 mendoxopernm
609 2640 881 2699 eetetfiotanreornm.
