1898 2970
264 160 477 209 aaaronuu
495 162 564 208 arn.
584 161 629 208 ru.
792 151 826 208 97

109 262 273 335 Ioniumque
282 278 378 336 rapax,
400 261 585 333 Icariumquel
621 261 652 316 it:

70 356 174 411 perque
184 339 265 394 urbes
275 338 354 394 Asiae
363 338 474 412 longum
486 337 598 408 petitlle
646 345 774 409 pontum,

109 415 305 486 diversumque
316 413 381 469 locis
392 413 445 467 alta
454 419 573 484 pererrat
582 413 640 467 iter.

71 491 141 544 Nam
152 489 232 545 modo
242 488 370 576 turilegos
379 488 496 554 Arabas,
516 486 597 543 modo
606 486 717 559 despicit
726 488 820 557 lnd0a;

109 565 279 638 binelibys,
303 565 367 619 hinc
376 564 472 630 Meroe,
493 563 619 636 oleraque
629 570 695 618 terra
706 566 807 621 subest.
839 579 878 621 aru

71 640 153 695 Nune
161 639 217 695 adit
226 641 378 712 Hesperios,
392 640 528 705 Rhenum,
539 638 763 769 Rlfiodanumque.
775 644 824 696 l‘a-

589 731 636 769 um
656 732 700 779 ue,

111 798 205 920 torpue,
226 789 316 847 lutum
325 806 436 863 parens,
457 789 546 854 Tibri,
565 732 784 863 poenlisaquae.

72 866 133 933 Quo
153 863 231 921 erar?
258 866 425 921 Immensum
435 873 476 919 est
484 871 583 920 erratas
593 864 680 920 dicare
689 873 784 922 terras:

110 940 270 1013 praeteritus
280 940 368 998 Cereri
378 940 471 997 nullus
482 940 583 996 inorbo
596 939 681 997 locus.

72 1017 151 1072 Errat
160 1023 186 1071 et
195 1016 225 1072 in
234 1014 319 1073 ooelo:
342 1016 494 1090 liquidique
502 1016 634 1071 immunia
645 1017 718 1090 ponti

109 1090 258 1165 alloquitur
265 1091 354 1167 gelido
364 1093 485 1165 proxima
496 1092 571 1166 signa
582 1091 652 1164 polo.

73 1167 247 1224 Parrhaeidea
255 1166 356 1233 atellae,
367 1167 494 1242 (namque
505 1167 595 1224 omnia
606 1186 684 1224 nosse
693 1170 812 1240 potestis,

110 1260 257 1317 aequoreae
267 1260 408 1316 nunquam
418 1259 504 1316 quum
515 1243 633 1298 subeatis
643 1262 727 1317 aquae
736 1245 754 1318 z)

74 1319 262 1392 Persephonen
273 1320 386 1375 miserae
396 1327 486 1374 natam
498 1326 641 1374 monstrate
651 1321 763 1392 parenti.

110 1395 230 1451 Dixerat.
260 1396 329 1451 Huic
339 1395 426 1451 Helice
437 1394 498 1448 talia
512 1395 592 1450 verba
603 1395 692 1450 refert:
840 1407 878 1448 eeu

74 1472 196 1528 Crimine
205 1488 259 1528 nox
270 1486 354 1526 vacua
364 1479 413 1525 eat.
443 1468 530 1526 Solem
540 1469 573 1525 de
581 1471 685 1543 virgine
695 1479 768 1543 rapta

110 1546 239 1617 oonsule;
258 1547 307 1619 qui
319 1546 369 1601 late
379 1544 551 1601 laotadiurna
561 1546 642 1600 videt.

74 1622 119 1680 Sol
129 1623 230 1688 aditus,
251 1621 337 1689 Quem
351 1623 471 1694 quaeris,
493 1622 543 1685 ait,
567 1638 600 1675 ne
609 1638 678 1676 vana
690 1622 802 1685 labores,

114 1706 199 1770 nupta
209 1699 280 1754 Iovia
289 1696 362 1753 fratri
374 1697 447 1752 tertia
458 1714 538 1770 regna
550 1703 629 1749 tenet.

75 1774 176 1842 Queeta
185 1773 233 1829 diu
244 1791 335 1828 aecum
345 1773 385 1828 eie
394 1781 433 1828 eet
441 1771 517 1827 affata
527 1771 687 1825 Tonantem:
841 1783 878 1824 585

113 1848 287 1921 maximaque
296 1849 325 1903 in
337 1849 413 1904 vultu
424 1849 501 1921 signa
512 1843 625 1901 dolentis
635 1853 723 1900 erant:

74 1926 102 1983 Si
117 1942 269 1990 memores,
290 1924 323 1980 de
333 1942 388 1996 quo
397 1924 465 1979 mihi
476 1922 511 1977 sit
523 1921 679 1994 Proserpina
692 1929 765 1990 nata,

112 2000 258 2057 dimidium
268 2017 348 2055 curae
358 2000 435 2055 debet
444 1999 540 2054 habore
552 2006 621 2053 tuae.

75 2077 149 2134 Orbe
158 2084 300 2149 pererrato,
322 2075 378 2132 sola
387 2084 427 2132 eet
437 2074 534 2131 iniuria
549 2072 609 2127 lacti

112 2153 234 2228 cognita:
255 2153 393 2207 oummiaai
403 2149 519 2224 praemia
530 2155 619 2218 raptor
629 2146 717 2201 habet.
842 2161 879 2202 eat

74 2228 111 2285 At
123 2245 212 2301 neque
223 2229 391 2299 Persephone
400 2227 479 2301 digna
491 2232 531 2279 eet
539 2223 672 2295 praedone
682 2223 785 2289 marito,

114 2320 165 2359 nee
173 2321 256 2379 gener
265 2303 316 2359 hoc
327 2304 404 2360 nobis
415 2320 486 2358 more
495 2298 631 2372 parandus
641 2305 706 2353 erat.

74 2378 151 2447 Quid
159 2379 272 2453 gravius
281 2379 380 2435 victore
390 2381 465 2454 Gyge
475 2376 578 2449 captiva
590 2375 721 2439 tulissem,

114 2472 200 2528 quam
211 2472 293 2521 nune,
315 2463 340 2509 te
351 2455 417 2510 coeli
428 2461 528 2525 sceptra
541 2460 653 2516 tenente,
674 2449 743 2505 tuli‘?

76 2532 178 2587 Verum
195 2532 305 2602 impune
320 2529 398 2585 terat:
420 2548 467 2586 noa
480 2531 545 2584 haee
555 2528 690 2602 patiamur
700 2524 819 2584 inultae.
850 2534 897 2576 *aa

114 2605 227 2669 Reddat,
249 2614 276 2660 ot
281 2607 405 2664 emendet
417 2607 487 2666 iacta
499 2608 594 2683 priora
603 2611 701 2671 nouis.

62 2678 332 2752 Iupiterhanolenr't,
355 2686 526 2769 factumque
534 2702 663 2754 excusat
673 2704 793 2755 amore,

92 2754 167 2810 Orio.
180 2758 208 2813 T.
220 2763 267 2818 III,
736 2778 768 2835 G
