1898 2970
180 175 232 223 Ex
250 174 383 221 PONTO
402 176 459 220 ΕΡ.
479 175 551 221 LIB.
565 176 610 223 lV.
629 175 686 222 ΕΡ.
701 174 725 223 i.
774 171 822 222 359

259 420 515 485 EPISTOLA
562 422 640 479 vll.

162 541 184 583 s
220 541 241 582 c
326 538 401 584 ve:
436 541 452 584 s
489 541 508 584 e
547 541 567 583 s
602 542 620 583 c
657 541 676 584 e
712 543 741 584 Μ.

78 645 505 726 MissuscsEuxinesqueniem,
526 654 649 722 Vestalis,
669 655 703 711 ed
716 656 811 723 undas,

116 746 147 786 ut
159 727 254 804 positis
263 727 357 784 reddas
367 728 425 784 iure
434 730 486 786 sub
497 747 547 787 exe
556 729 635 788 locis:
706 731 709 735 ⁴

80 806 197 878 adspicis
205 822 249 871 en,
269 821 405 876 praesens,
426 804 501 878 quali
514 805 648 864 iaceamus
658 809 686 864 in
697 827 774 877 erv03

119 899 167 938 nec
177 880 301 937 metestis
313 880 366 934 eris
376 878 441 935 false
451 880 535 937 sciere
546 883 633 955 queri.

79 956 193 1013 Accedet
201 956 259 1014 voci
268 973 315 1028 per
326 964 351 1010 te
361 974 414 1012 non
425 956 498 1011 irrite
508 965 621 1024 nostres,

117 1031 223 1104 Alpinis
232 1030 338 1087 iuvenis
348 1031 456 1105 regibus
465 1040 529 1098 orte.
550 1033 625 1090 fides.

80 1108 142 1178 lpse
150 1106 226 1163 vides
235 1115 305 1163 certe
313 1105 397 1194 glacie
406 1125 571 1165 concrescere
579 1110 708 1166 Pontum:

118 1184 176 1256 ipse
188 1182 263 1243 eides
277 1182 363 1256 rigido
372 1183 469 1247 stentie
480 1183 544 1239 vina
552 1184 631 1259 gelu:

78 1257 231 1331 ipsevides‚
252 1265 357 1315 onerate
367 1256 441 1316 ferox
450 1266 480 1314 ut
491 1257 570 1314 ducat
579 1261 660 1334 lem

118 1352 165 1406 per
173 1333 274 1390 medies
284 1333 344 1388 istri
353 1332 472 1406 plaustra
482 1334 616 1391 bubulcus
625 1353 720 1408 equas.
853 1351 879 1392 tc

77 1409 203 1482 Adspicis
213 1418 238 1465 et
247 1409 317 1464 mitti
326 1409 379 1465 sub
388 1410 491 1466 adunco
503 1410 588 1467 toxica
597 1410 675 1479 ierne,

118 1494 143 1540 et
157 1485 239 1543 telum
249 1503 357 1541 caussas
366 1486 459 1542 mortis
468 1485 565 1544 hebere
573 1487 657 1546 duee.-

79 1563 170 1634 Atque
176 1561 280 1617 uticem
289 1579 352 1633 pers
363 1561 429 1618 haec
439 1570 543 1619 tentum
555 1573 668 1637 spectate
679 1562 782 1630 fuisset,

117 1655 171 1693 non
181 1638 259 1693 etiem
268 1637 374 1710 proprio
385 1639 489 1713 cognite
498 1641 580 1696 Marte
589 1640 651 1695 tibi!

78 1712 198 1769 Tenditis
207 1712 241 1769 ed
251 1713 369 1785 primum
381 1731 429 1785 per
437 1713 520 1768 dense
529 1713 645 1785 pericula
656 1712 756 1784 pilum:
852 1725 877 1766 ts

117 1788 227 1864 contigit
235 1806 269 1844 ex
278 1789 370 1845 merite
379 1789 427 1860 qui
438 1788 486 1843 tibi
497 1806 582 1860 nuper
594 1789 688 1845 honor.

85 1865 127 1921 Sit
136 1864 250 1921 licethic
260 1863 353 1920 titulus
362 1863 450 1937 plenis
460 1863 509 1918 tibi
519 1863 650 1920 fructibus
660 1865 765 1939 ingens,

118 1942 177 2014 ipse
186 1948 274 1996 temen
284 1940 369 1996 virtus
378 1938 471 1996 ordine
480 1939 564 1996 maier
574 1939 632 1995 erit.

80 2018 141 2073 Non
152 2024 230 2092 neget
238 2016 289 2072 hec
297 2017 372 2082 ister,
392 2015 471 2071 cuius
481 2023 527 2072 tue
537 2015 643 2072 dextere
653 2017 789 2089 quondam

117 2092 258 2166 puniceam
268 2091 690 2167 Geticosenguineiecitequam:
852 2105 877 2148 tc

80 2168 380 2244 nonnegetitegypsos,
400 2184 479 2241 quse,
500 2167 675 2233 tesubeunte‚
696 2177 799 2240 recepte

116 2247 200 2300 sensit
209 2243 238 2300 in
247 2243 355 2320 ingenio
365 2242 472 2315 nilcpis
481 2260 539 2298 esse
548 2242 609 2299 loci.

78 2322 148 2377 Nem
158 2319 283 2386 dubium,
303 2318 392 2392 positu
403 2316 499 2375 melius
509 2317 617 2373 defense
627 2335 752 2384 manuve,

116 2396 184 2452 urbs
193 2403 248 2452 eret
258 2396 288 2452 in
297 2413 405 2452 summo
416 2393 536 2451 nubibus
545 2410 630 2466 aeque
640 2394 713 2468 iugc.

77 2471 200 2530 Sithonio
209 2469 265 2546 regi
275 2468 347 2528 ierus
356 2472 527 2543 interceperat
536 2469 610 2525 iliam
853 2479 879 2525 tt

116 2548 212 2614 hostis,
232 2553 370 2620 etereptes
379 2545 670 2620 victorhehebatopes,

71 2624 158 2678 donec
166 2621 296 2677 ticminee
305 2621 415 2693 devecta
424 2622 555 2684 Vitellius
563 2621 646 2684 unce

97 2693 199 2761 intulit,
222 2702 350 2772 exposite
363 2702 473 2776 milites
486 2702 680 2790 signscst'ss
