1898 2970
216 217 268 264 EX
285 217 419 264 PONTO
436 218 491 266 EP.
511 218 583 267 LIB.
598 218 629 266 11.
649 219 703 268 ΕΡ,
717 220 743 266 4.
802 213 851 266 309

103 319 210 394 Ecquid
219 319 308 376 adhuc
319 337 440 377 remanes
450 336 552 377 memor
561 318 674 376 infelicis
687 319 785 378 amici?

141 397 241 453 deserit
249 413 284 452 aa
293 403 380 468 partes
391 395 519 483 languida
528 413 592 453 eura
602 395 684 452 suas?

104 473 165 529 Non
175 472 211 527 ita
220 471 249 526 di
259 471 327 527 mihi
337 478 402 528 sunt
411 478 514 538 tristes,
535 470 681 537 utoredere
692 473 795 545 possim
895 484 906 527 5

143 546 350 620 iusqueputem¹
371 547 427 603 iam
438 556 463 602 te
473 565 527 604 non
537 547 693 605 meminisse
702 549 765 603 mei.

104 622 174 678 Ante
183 639 256 681 meos
265 623 356 680 oculos
366 630 471 696 praesto
483 631 523 679 est
532 631 578 679 tua
587 639 693 696 semper
703 623 805 701 imago:

142 705 169 754 et
177 698 270 756 videor
278 697 371 755 vultus
383 706 472 754 menta
480 698 570 755 videre
583 707 654 755 tuos.

104 773 178 833 Seria
188 773 273 830 multa
283 774 351 829 mihi
363 781 450 830 tecum
461 773 554 831 collata
563 774 698 831 recordor:

143 866 192 905 nec
200 848 260 905 data
270 849 397 905 iucundis
406 859 524 922 tempora
534 867 619 925 pauca
628 851 703 907 iocis.

104 925 188 998 Saepe
196 925 263 983 cites
275 925 363 1001 longis
372 926 447 982 visae
455 927 627 983 sermonibus
637 926 730 982 horae:

141 1018 220 1073 saepe
230 1000 282 1057 fuit
289 1001 405 1068 brevior,
426 1019 508 1076 quam
520 1002 677 1070 meaverba‚
698 1002 765 1058 dice.

103 1075 188 1150 Saepe
196 1083 257 1133 tuas
267 1079 340 1135 venit
348 1076 447 1133 iactum
457 1079 537 1135 modo
546 1095 651 1134 carmen
662 1078 694 1134 ad
706 1096 797 1148 aures3

141 1161 168 1208 et
177 1171 247 1209 nova
256 1152 357 1210 iudicio
366 1153 473 1209 subdita
482 1155 559 1212 Musa
572 1162 619 1210 tuo
627 1162 677 1210 est.

103 1227 371 1297 Quodtulaudnhas,
392 1228 492 1302 populo
501 1230 634 1304 placuisse
642 1232 784 1303 putabam:

143 1305 194 1360 hoe
203 1305 320 1378 pretium
329 1322 410 1361 curae
419 1305 497 1362 dulce
509 1307 621 1362 recentis
631 1313 698 1364 erat:

104 1388 190 1454 utque
201 1397 277 1437 meus
288 1380 352 1437 lima
361 1399 439 1436 rasus
450 1381 518 1437 liber
526 1391 596 1438 esset
606 1384 694 1450 amici,

144 1473 198 1511 non
208 1454 290 1511 semel
299 1456 439 1513 admonitu
449 1457 516 1514 sacta
526 1457 606 1515 litura
616 1468 662 1517 tuo
674 1468 723 1516 est.

104 1532 161 1587 Nos
171 1529 226 1587 fora
237 1531 363 1590 viderunt
370 1535 477 1606 pariter,
499 1553 548 1592 nos
557 1536 675 1608 porticus
684 1536 783 1602 omnis,

144 1625 193 1662 nos
204 1607 258 1675 via,
280 1626 329 1666 nos
339 1608 439 1666 iunctis
448 1627 531 1667 curva
541 1612 642 1667 theatra
656 1612 730 1669 locis.
883 1624 908 1668 ao

105 1682 227 1756 Denique
235 1690 325 1744 tantus
335 1702 410 1742 amor
418 1687 507 1752 nohis,
527 1687 679 1754 carissime,
700 1705 815 1761 semper,

144 1767 262 1832 quantus
273 1759 301 1816 in
310 1761 423 1817 Aeacide
435 1761 610 1835 Actorideque
619 1755 679 1818 fuit.

105 1835 166 1891 Non
179 1852 237 1922 ego,
257 1836 397 1893 sibiberes
406 1855 514 1893 securae
522 1837 617 1910 pocula
628 1837 734 1904 Lethes,

144 1910 266 1966 excidere
274 1910 340 1968 haec
351 1913 456 1969 credam
466 1921 570 1988 pectore
579 1930 659 1987 posse
668 1920 724 1971 tuo.

105 1987 200 2060 Longa
210 1986 268 2044 dies
276 1987 353 2045 citior
361 1989 479 2045 brumali
489 1990 584 2057 sidere,
605 2007 713 2065 noxque

145 2060 244 2119 tardior
252 2062 365 2121 hiberna
376 2063 522 2122 solstitialis
532 2067 596 2125 erit:

106 2154 156 2194 neo
165 2138 287 2213 Babylon
297 2148 411 2206 aestum,
433 2158 481 2196 neo
491 2141 589 2216 frigora
599 2145 700 2199 Pontus
710 2141 827 2211 habebit,

145 2212 287 2288 calthaque
295 2217 436 2272 Paestanas
454 2217 542 2272 vincet
550 2218 630 2275 odore
639 2235 728 2274 rosas:

106 2306 192 2364 quam
202 2290 251 2346 tibi
261 2300 413 2347 nostrarum
424 2293 533 2349 veniant
544 2293 643 2351 oblivia
654 2308 753 2351 rerum.

145 2366 251 2422 Nonita
334 2367 706 2426 faticandidanuliemeiest.

106 2443 147 2498 Ne
156 2449 246 2499 tamen
259 2384 325 2501 Κΐὲἓ
333 2444 387 2500 dici
396 2445 480 2517 possit
492 2445 589 2502 fiducia
598 2446 724 2513 mendax,

145 2517 281 2592 stultaque
290 2519 432 2576 credulitas
443 2529 531 2577 nostra
540 2521 635 2590 fuisse,
653 2538 735 2580 caue:

107 2594 294 2667 constantique
301 2594 356 2652 fide
365 2603 481 2655 veterem
492 2606 583 2658 tutore
594 2599 737 2666 sonnium„

135 2682 190 2736 qna
199 2667 264 2724 licet
271 2677 298 2726 et
305 2681 446 2744 quantum
458 2695 520 2740 non
529 2697 675 2743 onerosus
683 2696 748 2739 ero.
