1898 2970
151 173 202 231 ott
343 176 372 223 a.
392 172 706 225 ov1n11nason1s
798 146 808 171 '

187 295 274 352 quum
286 295 335 350 pro
343 295 468 335 concessa
477 278 557 335 verbs
566 276 653 333 salute
661 276 771 333 domus.

150 353 270 427 Sedqui,
289 370 373 426 qnam
382 353 478 427 potuit,
492 352 537 409 dat
546 352 676 420 maxima,
693 351 898 428 grntusahundo

633 436 689 498 est3

188 512 214 560 et
222 504 303 563 finem
312 505 398 577 pietas
407 503 518 578 contigit
525 502 572 559 illa
581 522 675 561 suum.

150 580 215 648 Nec,
235 597 305 655 quae
314 580 347 636 de
355 597 439 653 parve
449 579 493 635 dis
501 596 605 652 pauper
615 577 681 636 libat
690 597 791 647 acerra,

98 664 124 711 tt
190 663 250 711 turo
261 655 363 722 minus.
383 653 479 729 mandi
490 671 574 727 qnam
583 654 645 711 data
654 655 740 722 lance,
761 654 864 712 valent:

152 748 276 807 agnaque
285 739 340 786 tam
349 728 458 796 lactens,
478 748 562 804 quam
572 731 695 805 gramine
704 739 782 804 pasta
791 730 901 795 Falisco,

192 806 301 862 victima
310 806 435 879 Tarpeios
447 805 533 862 inficit
542 806 593 863 icta
603 805 685 863 focos.

154 882 209 938 Nec
218 889 306 937 tamen
316 880 404 939 officio
414 889 509 937 vatum
518 898 567 954 per
577 881 696 937 carmina
707 880 778 939 iacto

191 956 360 1030 principibus
369 973 412 1012 res
421 964 461 1012 est
472 957 559 1029 aptior
567 955 624 1013 ulla
633 957 711 1013 viris.

99 1040 126 1088 ts
154 1031 280 1089 Carmina
288 1041 439 1090 vestrarum
448 1033 731 1108 peragamtpraeeonia
740 1031 866 1090 laudum:

192 1123 259 1164 neve
269 1109 432 1165 sitactorom
443 1107 513 1164 tama
522 1108 636 1175 caduca,
656 1117 764 1166 cavent.

154 1181 280 1239 Carmine
288 1183 319 1240 fit
328 1183 410 1240 vivax
419 1184 520 1251 virtus;
539 1200 689 1258 expersque
698 1183 846 1259 sepulchri,

194 1259 315 1315 notitiam
324 1277 398 1315 serae
407 1258 568 1332 posteritatis
577 1258 667 1315 habet.

155 1332 256 1389 'rabida
266 1335 401 1391 consumit
409 1334 511 1393 terrum
521 1332 693 1408 lapidemque
705 1344 838 1404 vetustam
851 1374 854 1381 -

102 1421 127 1462 no
192 1406 472 1481 nullaquerosmaius
483 1419 601 1483 tompore
610 1410 794 1467 roburhabct.

155 1483 257 1554 Scripta
271 1483 360 1540 ferunt
368 1503 467 1542 annos:
488 1486 596 1559 scriptis
605 1486 810 1561 Agamemnona
822 1487 904 1551 nosti;

193 1567 219 1613 et
228 1560 354 1632 quisquis
363 1568 468 1626 contra,
490 1561 533 1615 vel
542 1559 625 1618 simul
636 1579 710 1617 arma
721 1561 794 1617 tulit.

156 1634 223 1702 Quis
233 1634 338 1690 Thebas
346 1643 502 1709 septemque
511 1635 594 1692 duces
606 1637 666 1692 sinc
675 1639 795 1694 carmine
809 1648 902 1702 nosset

193 1710 360 1783 etquidquid
369 1712 518 1784 posthaec,
539 1710 675 1784 quidquid
687 1719 784 1769 stante
794 1713 864 1769 fuit?

104 1799 129 1842 ss
157 1788 189 1842 Di
199 1804 309 1860 quoque
317 1787 494 1853 carminibus,
515 1786 539 1842 si
548 1784 590 1842 ias
598 1795 639 1842 ost
647 1786 744 1854 dicere,
767 1789 852 1845 fiunt:

196 1870 323 1936 tantaque
332 1863 456 1918 maiestas
465 1880 511 1919 oro
521 1863 641 1920 canentis
653 1871 722 1937 eget.

157 1938 201 1993 Sic
210 1937 306 2005 Chaos,
327 1956 361 1994 ex
370 1937 416 1993 illa
426 1948 536 1995 naturas
546 1937 616 1996 mole
623 1939 732 2011 prioris,

195 2013 329 2088 digestum
340 2021 428 2086 partes
438 2014 540 2071 scimus
548 2014 647 2070 habere
655 2032 735 2070 suas:

158 2092 197 2143 sio
206 2089 355 2154 affectantes
364 2089 485 2145 coelestia
498 2107 580 2164 regna
590 2089 720 2165 Gigantas

105 2175 130 2216 oo
196 2165 229 2219 ad
239 2164 320 2241 Styga
330 2165 473 2223 nimbifero
483 2165 598 2221 vindicis
608 2164 671 2240 igne
679 2165 765 2222 datos.

158 2237 202 2293 Sic
213 2241 297 2299 victor
307 2240 646 2313 laudemsnperatis,Libor
653 2240 689 2297 ab
697 2240 783 2307 Indis,

196 2311 301 2371 Alcides
310 2315 663 2389 captatraxitabOochalie.

153 2386 194 2442 Bt
202 2389 290 2458 modo,
302 2391 408 2459 Caesar,
419 2410 512 2458 avum,
519 2410 601 2465 quem
611 2392 699 2447 virtus
708 2390 811 2448 addidit
821 2401 909 2457 astris,

197 2474 336 2522 sacrarunt
344 2469 435 2542 aliqua
444 2468 562 2525 carmina
573 2475 647 2539 parts
657 2475 746 2522 tuum.

106 2547 132 2590 oe
160 2536 188 2589 Si
198 2537 265 2608 quid
276 2539 364 2599 adhuc
373 2544 457 2618 igitur
467 2543 534 2608 vivi,
555 2542 723 2608 Germanico,
745 2551 837 2600 nostro

198 2620 278 2667 restat
287 2613 316 2669 in
325 2617 449 2691 ingenio,
469 2618 725 2674 servictomnetibi,

162 2688 220 2743 Non
230 2696 305 2764 potos
313 2689 433 2748 officium
444 2695 512 2750 vatis
521 2700 690 2750 contemnere
699 2702 787 2751 vatos.
