1898 2970
172 182 220 233 490
355 185 386 229 P.
408 182 535 229 OVIDII
553 180 723 230 NASONIs

170 284 355 358 Quodcunque
365 284 493 359 attigerit,
514 283 536 339 si
548 302 602 356 qua
610 292 652 338 est
660 284 782 341 studiosa
791 281 891 349 striari,

208 361 241 417 ad
252 361 348 416 vitium
359 378 446 416 mores
455 362 569 415 instruet
579 359 641 415 inde
650 378 726 416 suos.

170 438 302 492 Sumserit
312 437 443 499 Annales:
465 434 542 509 (nihii
553 435 737 491 esthirsutius
747 434 827 510 inin)

116 526 155 568 atu
208 512 274 567 iacta
284 514 320 568 sit
330 511 403 568 unde
411 529 507 583 parens
518 510 564 565 iiia
575 527 672 583 nempe
684 510 764 586 leget.

170 586 311 654 Suumerit,
323 588 476 643 Aeneadum
486 587 602 660 genitrix
613 586 660 641 ubi
671 588 776 658 prima3
797 584 906 659 requirat.
940 602 945 627 ·-

208 664 362 719 Aeneadum
372 663 488 738 genitrix
499 662 570 717 unde
580 663 616 716 sit
624 660 695 717 alma
708 663 811 719 Venus.
940 670 945 687 ⁴

171 741 318 811 Persequar
328 737 451 803 inferius,
472 738 552 793 modo
562 739 585 791 si
597 736 657 791 licet
666 738 762 793 ordine
771 736 841 804 ferri,
943 740 945 746 '

209 832 287 887 posse
297 831 390 871 nocere
399 814 497 869 animis
506 813 633 868 carminis
642 830 725 869 omne
768 831 831 869 nna.
940 812 945 823 ''

117 902 156 945 205
172 892 231 946 Nun
243 900 330 945 tamen
341 889 438 945 idcireo
448 890 549 944 crimen
563 888 630 943 iiber
638 888 730 944 omnis
760 888 856 944 abebit.

209 966 253 1021 Nil
265 965 385 1038 prodest,
406 964 478 1037 quod
490 982 543 1020 non
555 963 657 1019 laedere
666 964 756 1037 pessit
765 963 846 1021 idem.

173 1045 237 1115 igue
247 1041 314 1113 quid
324 1040 438 1097 utilius?
464 1040 565 1112 Siquis
576 1047 665 1095 tamen
674 1056 754 1096 urere
765 1046 831 1095 tecta

209 1125 357 1187 comparat,
379 1116 491 1172 audaces
502 1114 610 1170 iustruit
620 1116 682 1188 igne
692 1133 803 1172 manua.

171 1191 258 1262 Eripit
268 1191 412 1255 interdum.
433 1190 512 1247 modo
521 1191 566 1245 dat
575 1190 708 1246 medicina
717 1191 847 1248 salutm:

118 1279 157 1322 270
209 1266 905 1339 quaequeiuvetmonsuat,quaequesitherbnnourr·

172 1343 205 1395 Et
216 1343 281 1397 latro
290 1350 316 1395 et
325 1349 419 1397 cautus
429 1341 609 1428 praecingitur
619 1359 683 1398 ense
691 1343 793 1400 viator:

212 1416 256 1469 ilic
266 1416 313 1471 sed
323 1417 450 1483 insidias,
470 1417 515 1472 hie
525 1418 577 1473 arbi
588 1425 675 1489 portat
683 1435 775 1490 opem.

175 1493 303 1557 iiisritur,
325 1491 453 1547 innocuas
464 1500 577 1567 utagat‚
598 1492 740 1561 facundia,
761 1510 879 1550 caussae:

211 1567 324 1642 protegit
336 1567 400 1621 hacc
409 1575 508 1635 sontes,
530 1570 733 1642 immeritosque
742 1570 848 1642 premit.

119 1658 158 1700 215
173 1645 217 1699 Sic
227 1644 310 1719 igitur
319 1661 436 1709 carmen,
458 1652 526 1699 recta
537 1645 560 1700 si
571 1653 659 1700 mente
670 1645 784 1719 legatur.

212 1720 344 1776 constabit
353 1717 422 1774 nulii
432 1736 511 1792 posse
522 1738 615 1777 nocere
625 1738 731 1775 meum:

98 1836 102 1845 .
174 1807 199 1852 et
211 1797 316 1852 tandem
326 1796 422 1852 vitium
433 1796 590 1869 quicunque
601 1796 666 1851 hine
675 1797 807 1869 concipit,
827 1802 895 1857 errat,
942 1798 945 1855 ζ

212 1882 237 1926 et
247 1873 363 1928 nimium
373 1874 480 1945 scriptis
490 1872 600 1947 adrogat
612 1871 657 1927 illa
666 1874 745 1927 meis,
943 1925 945 1932 ,

174 1948 207 2000 Ut
218 1955 305 2001 tamen
317 1948 367 2002 hoc
377 1948 472 2004 fatear:
494 1947 550 2003 iudi
561 1965 670 2021 quoque
682 1948 788 2003 semina
801 1946 911 2021 praebent

120 2036 159 2076 2⁸0
213 2021 356 2092 nequitiae.
388 2024 456 2079 Toiii
468 2031 519 2080 tota
529 2024 629 2079 theatra
638 2023 711 2079 iube.

175 2097 302 2151 Peccandi
312 2115 436 2154 caussam
445 2116 527 2172 quam
538 2098 631 2155 multis
640 2116 719 2170 saepe
728 2098 869 2165 dederunt,

212 2173 305 2229 Martia
315 2191 401 2246 quum
413 2175 512 2231 durum
523 2176 617 2230 sternit
626 2192 705 2230 arena
715 2174 823 2231 solum!

174 2249 293 2305 Tuliatur
303 2250 409 2319 Circus3
432 2269 486 2308 non
496 2258 552 2307 tuta
563 2250 666 2306 lieentia
676 2249 747 2306 Circi
756 2260 812 2309 eat:

213 2325 257 2379 hic
268 2325 341 2381 sedet
350 2326 440 2400 ignoto
450 2327 539 2382 iuncta
549 2326 637 2399 puella
649 2327 716 2383 viro.

121 2410 159 2454 285
175 2399 266 2466 Quum
277 2401 407 2473 quaedam
417 2402 565 2473 spatientur
574 2402 603 2459 in
613 2403 710 2467 hac,ut
720 2410 825 2459 amator
834 2400 914 2460 eadem

212 2477 365 2543 conveniat,
387 2494 471 2548 quare
480 2477 662 2550 porticusulla
672 2476 762 2550 patet?

175 2551 242 2621 Quis
252 2549 370 2607 locusest
381 2551 487 2625 templis
492 2552 648 2626 augustior?
657 2555 726 2609 Haec
732 2572 844 2628 quoque
851 2554 916 2615 vitet.

204 2629 234 2689 r'u
245 2628 359 2705 cuipam
372 2633 395 2687 si
405 2647 464 2706 qua
472 2637 514 2685 est
520 2628 666 2710 ingeniesa
672 2644 766 2680 suam.
816 2698 823 2709 “

154 2708 253 2781 Ouum
266 2710 381 2769 steterit
390 2709 470 2770 Iovis
480 2703 564 2763 aede·-
580 2703 662 2757 iotis
668 2696 933 2752 mffiffimmffla

89 2911 141 2922 ..ffl-
