1898 2970
140 155 172 212 62
330 159 359 203 Ρ.
380 157 508 203 0v1D11
527 156 709 206 NASONIS

178 264 279 314 errent:
301 274 374 312 nunc
383 258 469 330 posito
478 257 596 330 pascitur
605 256 703 311 umbra
714 262 765 321 cij

141 336 200 389 Non
215 342 302 386 tamen
317 332 366 387 hoc
380 331 464 399 ultre,
485 349 567 405 quem
581 345 667 404 quum
683 331 717 386 de
743 355 765 394 ι

620 415 734 477 pereunt

180 480 297 547 luciferi,
318 491 383 553 quot
393 482 492 537 liabent
501 479 619 536 carmine
632 489 723 537 555555
734 499 765 554 p

141 559 229 622 Hanc,
249 556 313 628 quia
324 555 505 620 insultatum,
526 556 617 610 dixere
626 555 729 612 Feralia
744 558 764 616 Ι

89 646 127 687 555
179 630 277 687 Ultima
287 631 425 704 placandis
433 630 557 685 Manibus
569 630 613 685 ille
623 630 691 687 dies.

143 708 211 762 Eeee'
218 724 286 762 anus
297 707 326 762 in
336 705 432 760 mediis
442 705 560 759 residens
573 723 673 761 annosa
683 706 766 777 puelli

180 799 253 837 sacre
264 781 325 836 lecit
335 780 452 845 Τ551555ς
474 780 532 852 (nec
542 789 630 836 tamen
641 781 699 853 ipse
711 790 766 837 5555

142 866 168 913 et
177 857 268 933 digitis
278 857 327 912 tria
338 865 397 911 lura
406 855 493 909 tribus
502 855 554 909 sub
566 854 658 910 limine
668 857 754 927 ponit,

152 928 158 935 “
180 950 234 1006 qua
243 932 333 988 brevis
342 929 476 988 oecultum
486 948 549 985 mus
560 931 612 985 sibi
623 929 683 985 lecit
693 930 753 988 iter.

90 1021 128 1064 575
143 1009 219 1064 Tunc
228 1015 331 1063 5555555
341 1007 406 1081 liget
414 1023 477 1061 cum
487 1004 562 1061 lusce
573 1004 633 1059 licie
642 1004 766 1076 plumbo,

32 1084 38 1121 ⁴
181 1090 208 1138 55
216 1088 319 1153 septem
329 1082 420 1154 nigras
431 1088 518 1135 versat
529 1081 556 1135 in
568 1098 612 1136 ore
623 1079 711 1136 lebas:

143 1157 270 1230 quodque
279 1156 337 1226 pice
347 1154 498 1221 adstrinxit,
519 1155 593 1229 quod
601 1172 651 1211 eeu
661 1155 763 1213 traiecit

180 1232 308 1287 obsutum
318 1237 515 1286 maenaetorrel
524 1231 553 1286 in
563 1231 625 1305 igne
633 1240 723 1303 ceput.

144 1307 214 1365 vina
227 1323 336 1379 quoque
350 1304 472 1361 instillat.
497 1306 560 1361 Vini
575 1305 758 1436 quodctunque

625 1399 674 1447 es,

91 1472 129 1515 555
182 1457 311 1529 5551ρ55,
332 1464 379 1511 aut
388 1457 512 1521 comites,
533 1456 596 1529 plus
607 1466 694 1513 tamen
706 1458 765 1531 ipse

144 1532 257 1589 Hostiles
267 1532 374 1605 linguas
384 1531 546 1604 inimicaque
556 1532 695 1588 vinximus
705 1551 761 1601 ora,

182 1606 247 1662 dicit
255 1604 409 1672 discedens,
430 1607 556 1680 ebriaque
566 1608 620 1663 exit
629 1626 708 1663 anus.

144 1681 397 1747 Protinusenobis‚
418 1683 685 1754 quaesitdeaMute‚
707 1701 766 1756 reqi

182 1759 272 1825 111555,
292 1775 341 1832 per
350 1758 475 1831 antiquos
484 1775 554 1831 quae
566 1758 634 1812 mihi
645 1766 705 1814 5555
716 1777 765 1816 sen

92 1846 131 1888 555
145 1834 254 1907 Iupiter,
274 1833 418 1890 immedieo
428 1835 554 1890 Iuturnae
563 1835 651 1888 victus
661 1851 760 1900 amore,

183 1908 267 1963 multe
275 1908 351 1972 tulit,
371 1915 443 1963 tanto
453 1926 506 1964 non
516 1910 639 1982 patienda
649 1907 707 1964 deo.

147 1981 194 2038 1115
203 1979 282 2036 modo
292 1981 320 2035 in
331 1980 410 2035 silvis
419 1982 487 2036 inter
496 1983 611 2056 coryleta
621 1983 730 2040 latebat:

184 2055 294 2111 nuncin
303 2062 428 2129 cognatas
437 2055 575 2113 desiliebat
584 2077 679 2132 aquas.

147 2131 279 2188 Convocat
287 2131 333 2186 hic
341 2131 497 2205 Nymphas,
518 2134 624 2190 Latium
635 2151 766 2206 quaecum

93 2295 132 2339 555
185 2289 211 2336 et
221 2281 283 2337 iecit
291 2282 321 2338 in
329 2281 418 2338 medio
427 2282 489 2338 55115
500 2283 580 2339 verba
591 2285 685 2341 choro:
706 2338 713 2351 ,

113 2354 126 2429 1
146 2355 251 2418 Invidet
259 2356 318 2429 ipsa
327 2357 394 2422 sibi,
415 2358 548 2431 vitatque,
569 2359 642 2432 quod
652 2359 759 2431 expedit

184 2439 364 2498 vestrasoror,
385 2450 492 2491 summo
502 2435 680 2490 concubuisse
690 2435 749 2490 deo.

148 2506 285 2567 Consulite
302 2508 449 2567 ambobus:
483 2527 546 2566 nam
565 2528 634 2584 quae
655 2518 695 2565 est
716 2527 767 2567 mei

628 2584 762 2656 volupiae,

185 2655 287 2716 utilitas
296 2667 399 2718 vestrae
408 2676 506 2735 magna
515 2659 613 2716 sororis
623 2659 682 2714 erit.

164 2872 295 2908 ,Δὶ
