1898 2970
182 204 375 254 'mamm
393 204 465 253 ΜΒ.
482 206 515 255 V.
535 210 590 256 BL.
605 208 628 256 8.
649 212 674 256 4.
761 206 811 257 ⁶255

94 308 259 367 Caesareum
269 327 369 365 numen
380 310 506 376 numine,
527 310 637 377 Baccha,
659 321 714 369 tuo.

57 386 112 445 Vos
122 402 247 460 quoquc,
268 394 402 443 consortes
412 385 504 452 studii,
526 386 570 458 pia
582 387 668 455 turba,
690 390 781 460 poitaa

95 462 164 519 haec
173 460 267 517 eadam
276 470 366 519 sumto
375 462 493 535 quisque
502 470 592 537 rogato
601 480 688 519 mero:

57 546 139 611 atqua
148 536 249 611 aliquis
259 543 388 603 vostram,
409 539 524 594 Nasonis
536 539 645 594 nomine
656 540 735 604 dicto,

94 613 214 687 deponat
222 611 340 669 lacrimis
351 613 446 687 pocula
457 615 536 670 mista
546 615 620 670 suis:
843 628 867 670 5⁰

56 688 269 761 admonitusque
277 689 341 756 mai,
361 707 448 761 quum
458 689 678 763 circumspexerit
687 707 789 757 omnes,

94 765 194 831 dicat,¹
204 764 256 821 Ubi
266 772 307 820 est
315 765 398 820 nostri
411 782 474 837 pars
487 767 567 823 modo
576 768 648 822 Naso
657 765 750 820 chori?
816 828 820 837 ,

58 841 143 915 idque
155 840 207 909 ita,
228 840 251 895 si
262 848 382 895 vostrum
393 841 478 896 marui
491 842 606 898 candore
615 841 744 908 favorem,

95 913 228 990 nullaque
237 914 337 972 iudicio
347 915 422 971 litera
433 916 503 973 laesa
517 934 577 973 mco
586 925 640 987 est3

57 994 96 1060 si,
117 998 240 1047 vatorum
250 989 332 1066 digna
342 1009 453 1048 veneror
463 1010 549 1067 quum
560 994 657 1065 scripta
669 993 797 1049 virorum.
842 1005 867 1047 55

93 1066 221 1141 proxima
231 1083 283 1123 noo
294 1065 349 1122 iliis
359 1085 418 1123 asso
430 1069 534 1125 minora
546 1086 613 1124 reor.

56 1144 102 1201 Sic
111 1144 196 1219 igitur
204 1142 298 1199 dextro
307 1141 409 1200 faciatis
419 1143 543 1217 Apolline
552 1161 673 1201 carmen:

95 1218 255 1295 quodlicet,
276 1218 403 1276 intervos
414 1220 617 1278 nomenhabata
626 1238 726 1276 meum.

175 1460 179 1467 ὁ
258 1397 501 1455 accola
559 1399 621 1455 w.

57 1512 164 1576 Littoro
174 1520 209 1575 ab
218 1519 326 1576 Euxino
335 1520 452 1576 Nasonis
460 1519 570 1593 epistola
582 1522 653 1587 veni,

95 1596 222 1669 lassaque
232 1594 299 1651 iacta
308 1597 392 1663 mari,
414 1594 538 1671 lassaque
549 1597 614 1653 saco
628 1597 687 1652 via:

55 1672 106 1746 qui
116 1671 186 1727 mihi
197 1669 264 1727 flens
273 1672 351 1738 dixit,
365 1673 416 1740 Tu,
432 1674 475 1728 cui
487 1673 556 1738 licet,
571 1673 678 1744 adspice
687 1672 809 1726 Romam.

93 1748 154 1805 lieu
163 1755 265 1821 quanto
275 1747 368 1804 melior
378 1766 436 1804 sors
447 1757 492 1805 tua
502 1758 571 1804 soma
582 1765 640 1803 maa
651 1747 704 1801 esti

55 1822 812 1897 Flcnsquoquemcscripsit‚aec‚quasignabar,adosest
855 1836 865 1876 5

94 1906 168 1965 anta,
188 1898 236 1954 ssd
246 1899 279 1955 ad
291 1900 410 1956 madidas
420 1917 526 1976 gamma
539 1897 618 1954 relata
626 1916 719 1974 genas.

56 1974 194 2033 Tristitiaa
203 1991 326 2031 caussam
337 1978 360 2032 si
372 1977 436 2050 quia
447 1992 604 2052 cognoscere
613 1975 726 2050 quaerit,

94 2050 201 2108 ostendi
210 2050 294 2107 solam
303 2051 420 2125 postulat
432 2052 478 2108 iila
488 2053 550 2120 sibi,

57 2144 107 2183 osc
115 2125 238 2185 &ondam
249 2127 277 2184 in
287 2127 373 2194 silvis,
395 2145 444 2183 nec
453 2136 542 2200 aperto
551 2126 641 2184 mollia
651 2134 727 2198 prato

93 2203 229 2279 gramina,
251 2221 298 2259 nac
307 2204 386 2276 plano
396 2202 507 2260 flumina
517 2203 601 2258 cernit
611 2219 710 2276 aquas:
839 2217 864 2258 m

55 2278 126 2352 quid
134 2279 261 2337 Priamus
270 2278 370 2347 doleat,
392 2280 543 2346 mirabitur,
564 2279 672 2334 Hectore
682 2286 770 2350 rapto:

136 2354 199 2413 'dvo
208 2354 364 2413 Philoctetes
375 2356 443 2411 ictus
453 2355 487 2411 ab
497 2371 585 2432 angue
594 2361 693 2429 gemat.

55 2432 88 2487 m
108 2438 217 2489 coarcat
226 2430 340 2500 utinam,
361 2431 421 2486 talis
432 2438 517 2487 status
527 2430 633 2487 assatio
644 2428 700 2498 ilio,

92 2515 126 2565 ui
135 2526 192 2565 non
201 2507 324 2564 tristitiae
332 2524 428 2563 caussa
438 2505 549 2562 dolenda
562 2505 639 2564 foret.

54 2584 118 2639 Fari
127 2591 229 2647 maaca,
253 2583 381 2650 mdabat,
404 2602 487 2641 casus
497 2585 633 2661 patienter
644 2601 774 2644 amatos:
860 2592 892 2632 Ns

78 2671 155 2709 mom
162 2671 215 2709 aaa
221 2656 353 2716 indomiti
361 2658 441 2719 frona
454 2674 572 2724 recusat
582 2666 671 2747 oqui:

26 2724 317 2799 awmmpoapetaam
327 2750 426 2809 sperat
434 2742 499 2803 sibi
510 2749 658 2811 numinis
668 2748 766 2809 immi
