1898 2970
219 150 410 197 ‘rursrluu
428 150 500 196 ΜΒ.
515 150 534 195 r.
559 154 613 197 en.
628 154 651 196 o.
777 143 826 196 ΓΠ

78 254 167 309 Donec
175 252 228 306 eris
239 251 311 319 felix,
333 251 431 308 multos
445 252 599 307 numerabis
609 253 721 309 amicos:
869 265 881 306 5

115 335 235 401 tempora
244 328 268 382 si
279 328 377 385 luerint
386 328 493 393 nubila,
515 327 589 384 solus
599 328 661 384 cris.

78 402 203 476 Adspicis
213 410 244 459 ut
253 404 362 459 veniant
370 405 404 459 ad
414 403 526 459 candida
537 411 602 458 tecta
616 404 766 471 columbam

117 478 228 552 accipiat
238 479 328 535 nullas
337 479 443 535 sordida
453 479 535 535 turris
545 477 627 534 aves‘?

77 555 176 610 Horrea
186 553 311 611 formicae
320 555 433 610 tendunt
442 555 476 610 ad
484 555 575 611 inania
587 572 725 626 nunquam
736 577 740 609 :

118 628 211 685 nullus
222 630 257 687 ad
266 630 437 687 amissasibit
448 630 550 687 amicus
561 648 634 701 opes.
858 643 882 684 ra

78 706 169 779 thue
177 722 266 761 comes
277 707 364 762 radios
373 724 420 778 por
429 705 498 762 Solis
508 707 634 762 euntibus
645 705 740 759 umbra
751 718 798 770 cst,

117 799 206 853 quum
218 781 280 837 latet
288 782 333 836 hic
342 799 451 854 pressus
462 782 591 847 nubibus,
614 781 659 834 illa
670 779 752 853 lngit3

81 855 182 912 mobile
191 855 230 910 sic
239 857 361 928 sequitur
370 859 503 913 Fortunae
515 857 618 912 lumina
628 854 742 928 vulgus:

120 948 190 1004 quae
200 931 283 987 simul
296 932 402 987 inducta
415 933 487 988 nube
496 940 633 1006 teguntur,
655 931 719 985 abit.

80 1009 152 1062 llaec
161 1023 255 1079 precor
265 1016 295 1062 ut
304 1008 408 1078 possint
417 1026 523 1080 semper
533 1007 581 1062 tibi
592 1006 658 1061 lalsa
669 1005 752 1060 videri
763 1028 767 1059 :
859 1020 884 1060 rs

120 1090 186 1139 sunt
195 1089 285 1137 tamen
299 1091 394 1139 eventu
404 1101 466 1139 vera
476 1083 580 1139 latenda
590 1101 659 1138 meo.

81 1160 151 1213 Dum
163 1158 297 1224 stetimus,
308 1159 401 1214 turbae
410 1167 543 1231 quantum
553 1158 617 1215 satis
628 1165 706 1222 esset,
718 1156 830 1210 lrabclnu

122 1242 183 1290 nota
194 1233 315 1305 quidem,
336 1234 383 1289 sed
394 1253 447 1290 non
457 1235 606 1299 ambitiosa,
627 1234 734 1289 domus.

81 1310 118 1365 At
127 1308 210 1365 simul
223 1309 339 1381 impulsa
350 1318 398 1375 est,
419 1328 512 1366 omnes
523 1310 634 1364 timuere
647 1308 763 1373 ruinam,

121 1392 254 1457 cautaque
263 1386 400 1442 communi
411 1394 483 1459 terga
496 1383 591 1440 dedere
601 1384 688 1458 lugae.
861 1395 886 1437 eo

82 1461 169 1516 Saeva
179 1477 268 1534 neque
278 1460 395 1516 admiror
403 1469 527 1516 metuunt
536 1460 560 1515 si
569 1459 694 1525 fulmina,
715 1477 830 1533 quorum

122 1535 235 1611 ignibus
245 1534 328 1591 alllari
338 1537 460 1610 proxima
470 1554 592 1610 quaeque
602 1535 696 1592 solent.

82 1612 135 1667 Sed
144 1620 235 1666 tamen
245 1610 274 1665 in
283 1611 360 1667 duris
370 1621 549 1669 remanentem
559 1613 639 1669 rebus
650 1610 766 1666 amicum

122 1686 272 1760 quamlibet
283 1686 371 1745 inviso
381 1688 476 1745 Caesar
487 1689 515 1743 in
524 1688 599 1745 hoste
609 1688 702 1759 probat
715 1706 720 1740 :

84 1780 135 1819 nec
149 1760 216 1819 solet
226 1762 304 1818 irasci
314 1762 373 1837 (nec
382 1765 454 1820 enim
465 1763 623 1819 moderatior
633 1760 719 1834 alten)

123 1855 210 1910 quum
220 1839 284 1912 quis
293 1839 322 1895 in
333 1840 461 1906 adversis,
482 1839 507 1893 si
518 1837 584 1911 quid
594 1838 701 1902 amavit,
713 1847 791 1892 amat.

83 1914 228 1971 Decernite
239 1913 355 1988 Argolici
364 1925 507 1990 postquam
516 1914 640 1990 cognovit
650 1912 765 1980 Orestae,

123 1996 247 2045 narratur
258 1988 375 2064 Pyladen
384 1993 442 2065 ipse
451 1992 577 2064 probasse
588 1991 684 2046 Thoas.

85 2064 161 2131 Quae
171 2064 225 2120 luit
233 2064 371 2122 Actoridae
380 2084 442 2123 cum
456 2085 554 2142 magno
563 2084 667 2138 semper
678 2065 789 2128 Achille,

127 2139 229 2197 laudari
242 2139 318 2196 solita
328 2151 368 2197 est
376 2143 493 2199 Hectoris
503 2160 547 2198 ore
557 2143 633 2196 fides.
864 2152 889 2192 en

86 2215 165 2282 Quod
174 2217 237 2289 pius
250 2215 284 2271 ad
297 2234 389 2273 manes
401 2219 520 2274 Theseus
529 2233 617 2272 comes
628 2217 691 2271 isset
700 2215 793 2279 arnico,

126 2292 280 2348 Tartareum
295 2291 389 2349 dicunt
400 2293 546 2350 indoluisse
555 2291 646 2346 deum.

85 2366 198 2443 Euryali
208 2367 322 2439 Nisique
332 2367 383 2423 fide
395 2370 452 2434 tibi,
474 2369 573 2433 Turne,
594 2366 683 2430 relata,

126 2441 252 2498 credibile
261 2450 302 2496 est
311 2441 428 2499 lacrimis
438 2443 613 2500 immaduisse
623 2458 715 2516 genas.

87 2518 138 2573 Est
146 2517 227 2573 etiam
238 2517 345 2572 miseris
354 2519 448 2591 pietas,
470 2519 533 2574 etin
543 2518 618 2574 hoste
628 2516 769 2589 probatur.
867 2525 898 2562 u,

126 2592 185 2649 lleu
195 2592 262 2649 mibi
275 2610 356 2664 quam
362 2612 464 2666 paucos
474 2596 542 2653 baec
552 2613 614 2653 mea
624 2594 700 2652 dicta
707 2592 839 2647 morene.

41 2726 44 2731 ¹
82 2666 231 2731 fflesatna,
251 2667 419 2728 baecrernm
430 2683 566 2735 nuncest
576 2675 858 2735 torneamentum

107 2744 180 2799 θην,
197 2746 225 2801 T.
241 2750 287 2802 ΙΙΙ,
734 2759 765 2813 bl
