1898 2970
162 193 210 243 206
351 194 379 239 P.
400 192 531 239 ovmn
548 190 716 239 Nicoma

198 313 299 368 perque
307 295 376 353 leros
389 311 481 351 manes
490 293 595 366 hospita
604 293 781 367 compererit.

107 387 132 428 65
161 373 227 427 Ossa
238 381 325 427 tamen
336 371 414 428 laeito
422 388 504 443 parva
514 369 662 425 referantur
670 369 699 425 in
709 386 790 426 urna.

198 448 242 503 Sic
251 464 300 522 ego
310 467 362 505 non
373 448 452 503 etiam
462 453 585 502 mortuus
594 442 671 500 exsul
681 461 737 501 ero.

162 526 221 580 Non
236 531 306 579 vetet
319 524 369 580 hoc
383 522 540 596 qnisquam.
571 521 689 576 Fratrem
705 520 836 577 Thebana
853 535 906 593 pet·

641 603 747 652 emtum

200 675 343 749 supposuit
353 671 471 737 tumulo,
491 689 553 745 rege
563 678 682 738 vetante,
702 689 789 729 soror.

163 752 251 824 Atque
260 769 289 806 ea
300 767 362 806 cum
372 746 444 803 foliis
453 756 479 802 et
488 747 588 802 amomi
596 746 709 819 pulvere
719 748 818 803 misce:

109 842 135 884 tn
202 830 284 899 inque
294 825 450 881 suburbano
459 823 564 879 condita
575 839 645 894 ponc
654 821 725 879 loco:

164 920 287 976 <litesque
297 901 367 976 legat
374 917 470 956 versus
479 897 557 955 oculo
565 905 723 971 properante
733 898 831 964 viator,

201 977 349 1053 grandibus
359 977 387 1030 in
397 973 496 1031 tumuli
505 972 821 1030 marmorececdenotis:

167 1058 215 1109 llic
225 1072 270 1124 eye
280 1058 327 1122 qut
337 1058 418 1117 incon,
440 1061 585 1106 tenentum
595 1054 806 1114 lucoramemm,

202 1134 304 1197 incente
310 1132 381 1196 perit
391 1127 547 1197 Nacopoi'ta
555 1143 618 1182 mco.

112 1219 136 1261 te
165 1204 266 1268 Altini,
281 1203 328 1274 qui
341 1201 450 1268 transis,
470 1219 504 1256 ne
514 1202 549 1256 sit
557 1218 648 1276 greve.
670 1201 799 1275 quisquis
809 1201 917 1265 amasti,

202 1279 303 1333 dicere:
324 1278 440 1333 Nasonis
449 1276 562 1334 molliter
574 1295 635 1333 ossa
645 1278 759 1333 cubent!

166 1358 220 1410 llce
232 1355 296 1409 satis
306 1354 335 1409 in
345 1353 450 1410 tumulo
459 1361 511 1409 est:
532 1353 629 1409 etenim
640 1353 741 1410 maiori
752 1351 838 1409 libelli

203 1439 227 1485 et
236 1430 362 1486 diuturna
374 1430 461 1505 magis
470 1437 535 1486 sunt
544 1430 708 1487 monimenta
721 1428 789 1484 mei:

167 1505 421 1582 quosegcccnlide‚
443 1508 702 1579 quamvisnoeuere‚
722 1504 834 1561 daturos

113 1597 138 1641 80
206 1601 302 1639 nomen
313 1589 338 1636 et
348 1584 448 1636 auctori
460 1588 577 1652 tempora
589 1581 667 1656 longa
678 1599 738 1636 suo.

167 1663 208 1716 Tu
219 1670 307 1717 tamen
318 1657 446 1713 exstincte
457 1656 547 1712 letalia
558 1675 670 1713 munera
680 1673 794 1729 semper¹

205 1737 292 1810 deque
302 1735 356 1791 tuis
366 1733 483 1789 lacrimis
493 1733 605 1789 humida
616 1741 684 1789 serta
694 1733 765 1789 dato.

168 1812 298 1880 Quamvis
309 1812 337 1867 in
347 1811 463 1867 cinerem
472 1827 569 1882 cerpus
579 1809 723 1865 mutaverit
734 1808 823 1883 ignis;

206 1889 301 1943 sentiet
309 1886 428 1944 efficium
440 1896 539 1943 moesta
549 1885 639 1942 invilla
649 1887 737 1958 pium.

114 1977 140 2018 85
168 1964 288 2018 Scribere
298 1962 375 2035 plura
387 1963 464 2019 libet:
486 1959 752 2019 sedvoxmihilessn
766 1958 904 2032 loquendo

206 2037 323 2093 dictandi
334 2039 404 2094 vires
414 2039 538 2113 siccaque
547 2037 640 2113 lingua
653 2044 740 2112 negat.

170 2115 266 2185 Accipe
275 2132 401 2186 supremo
413 2114 514 2171 dictum
525 2115 592 2169 mini
603 2113 713 2171 forsitan
722 2128 777 2176 ore,

206 2189 293 2261 quod,
314 2190 363 2245 tibi
373 2191 421 2263 qui
431 2191 526 2256 mittit,
547 2188 770 2260 nonhabetipsc:
792 2186 873 2245 Valel

362 2365 605 2424 ELEGlA
663 2366 723 2422 lV.

172 2479 201 2543 Ο
218 2488 283 2543 mihi
294 2506 353 2544 care
362 2488 472 2563 quidem
482 2505 596 2560 semper,
618 2489 665 2544 sed
675 2488 874 2563 temporarium

205 2565 319 2641 cognite,
342 2583 384 2624 res
393 2572 539 2643 postquem
546 2565 712 2635 procubuere
721 2583 812 2633 meant

155 2644 258 2704 nsilms
268 2644 364 2706 edocto
373 2647 399 2706 si
410 2643 570 2723 quidquem
578 2639 670 2693 eicite
681 2640 787 2698 uenient

186 2726 254 2786 vive
264 2727 329 2800 tibi,
354 2736 380 2788 et
392 2726 482 2804 longe
495 2708 823 2784 nominnmngncinge.
