1898 2970
158 110 209 158 EX
226 110 360 160 PONTO
378 111 433 159 ΕΡ.
451 111 578 158 mum.
607 113 664 160 ΕΡ.
681 114 707 160 6.
756 107 805 160 343

47 211 128 287 Huio
190 254 198 279 ,
218 212 404 301 qunm‘pntior,
424 211 463 270 nil
476 229 582 286 possem
591 214 696 270 demere
705 230 814 287 poenes,

94 287 120 345 si
129 288 159 346 iu
178 288 565 363 exmeritroogereressemei.
834 302 860 346 ro

54 367 118 423 Non
127 369 199 422 vetet
207 362 253 420 ille
261 364 306 421 sui
314 381 479 438 quemquem
488 362 645 421 meminisse
657 364 771 420 sodalis:

95 439 521 514 nooprohibettibimssoribere,
542 447 620 513 teque
630 439 708 496 mihi.

55 518 115 574 Neo
122 514 210 573 sosius
220 513 354 581 admittas,
375 516 398 570 si
408 515 552 572 consoleris
560 515 693 572 amioum:

95 589 225 650 mollibus
235 598 260 647 et
268 590 358 648 verbis
369 608 461 664 aspere
471 591 524 648 ints
534 589 615 648 leves.

57 668 124 736 Cur,
144 667 211 725 dum
221 665 381 732 tutatimes,
400 663 729 723 incisutreverentintelis
835 676 861 722 rt

96 742 233 800 fittinAu
287 741 562 799 tosinvidiosadens‘?

58 817 218 876 Fulminisn
247 816 449 876 ntosinterdum
458 817 549 873 vivere
560 816 619 872 telis

97 893 227 959 vidimus,
247 892 363 961 etreiioi,
385 892 685 966 nonprnhibentslove.

59 971 125 1036 Neo,
144 968 208 1042 quio
219 969 362 1042 Neptunus
375 984 471 1025 navem
484 967 610 1024 laoernrnt
619 967 715 1032 Ulixis,

98 1042 626 1120 Lenonthiienentiierrenegnvitopem.
834 1053 861 1098 tt

58 1118 233 1185 credamini,
252 1119 359 1176 miseris
368 1118 489 1176 eoelestia
499 1119 612 1176 numine
621 1124 746 1191 percunt:

99 1211 148 1253 neo
156 1193 366 1268 semperlnesm
387 1195 554 1262 etsinefine,
574 1201 709 1267 premunt.

62 1270 186 1345 Principe
195 1287 244 1330 neo
254 1278 344 1328 nostro
353 1269 420 1327 deus
430 1278 471 1326 est
479 1269 638 1327 moderatior
646 1267 730 1324 ullus.

97 1345 281 1404 lustitinvires
291 1344 554 1420 temporatillesues.

58 1425 220 1496 anereem
231 1421 327 1480 Caesar
336 1421 403 1478 iacto
413 1421 447 1478 de
455 1437 587 1478 marmore
597 1419 706 1492 tempto,
835 1429 861 1472 25

98 1498 259 1573 iampridem
268 1498 359 1571 posuit
368 1497 466 1553 mentis
476 1497 505 1553 in
516 1496 579 1552 aede
598 1513 672 1551 suae.

60 1575 161 1648 Iupiter
169 1573 198 1630 in
211 1572 310 1631 multos
323 1574 459 1630 temeraria
469 1570 584 1628 fulmina
592 1575 705 1642 torquet,

99 1650 271 1724 quipoenem
281 1645 630 1721 eulpnnonmeruerepari.

60 1725 187 1784 Obruerit
197 1743 282 1799 quum
293 1733 331 1782 tot
340 1724 427 1780 suevis
436 1723 503 1779 deus
512 1720 635 1794 aequoris
648 1718 739 1784 undis,

100 1802 292 1877 exiliismergi
303 1818 366 1874 pers
379 1805 460 1873 quote
468 1791 633 1872 dignniuiti
836 1804 862 1848 to

60 1876 151 1946 Quum
161 1882 270 1947 pereant
279 1876 334 1930 scie
343 1873 487 1930 fortissima
497 1888 629 1945 quaeque,
650 1868 691 1925 vei
702 1870 761 1941 ipso

99 1951 196 2016 iudioe,
216 1949 333 2006 delectus
342 1949 433 2006 Martis
444 1949 556 2021 iniquus
565 1947 624 2003 erit.

62 2028 106 2093 tt,
126 2027 150 2082 si
165 2024 230 2082 torte
239 2024 307 2082 uelis
317 2026 345 2081 in
358 2043 407 2081 nos
417 2024 563 2096 inquirere,
585 2037 664 2078 nemo
673 2026 721 2085 est,

100 2101 149 2176 qui
159 2118 198 2167 se,
218 2100 411 2174 quodpntitur,
431 2099 622 2154 commeruisse
634 2101 721 2170 neget.

62 2176 146 2243 tude,
157 2176 230 2250 quod
239 2177 384 2231 exstinctos
396 2173 436 2230 sei
447 2191 526 2248 aqua,
538 2171 580 2228 vel
593 2174 685 2238 Marte,
698 2169 738 2226 vel
750 2169 816 2244 igni,
837 2179 863 2223 35

99 2251 174 2309 nulle
185 2250 270 2324 potest
278 2251 375 2306 iterum
384 2249 530 2321 restituisse
539 2246 606 2304 dies.

62 2327 187 2385 Restituit
196 2326 295 2383 multos
305 2334 352 2384 eut
360 2342 460 2400 poenae
468 2331 542 2398 perte
551 2322 649 2379 levavit

100 2402 196 2461 Caesar
204 2421 216 2472 ;·
232 2409 258 2458 et
266 2402 296 2458 in
308 2402 402 2459 multis
412 2418 455 2456 me
463 2399 529 2456 velit
537 2414 595 2454 esse
606 2412 708 2470 preoor.

63 2477 106 2536 An
114 2485 155 2544 tu,
176 2495 263 2552 quum
273 2475 319 2534 nli
363 2477 446 2551 pulus
455 2475 508 2531 sub
517 2473 636 2547 principe
648 2471 745 2538 simus,

101 2553 220 2626 alloquio
228 2551 306 2626 profu
344 2552 431 2609 oredis
440 2551 528 2615 inesse
536 2544 657 2605 metum?
838 2550 864 2599 tt

64 2629 184 2688 Forsitan
196 2629 260 2689 haec
268 2628 378 2687 domino
384 2625 506 2685 Busiride
515 2626 575 2682 iure
581 2626 705 2687 timeres,
