1898 2970
256 189 469 237 FASTORUM
487 191 556 236 LIB.
576 192 609 237 11.
771 185 805 238 37

93 305 213 361 corpora.
243 290 372 359 Desieral;
394 291 570 364 deposuitque
578 291 652 347 sinu.

54 365 199 438 vagierunt
208 365 287 422 ambo
296 367 408 438 paritor:
429 366 546 421 sensisse
558 373 673 438 putares.
820 375 859 421 loo

93 441 126 493 lli
139 441 249 496 redeunt
257 440 320 496 udis
329 442 358 496 in
369 459 417 497 sua
428 449 493 497 lecta
503 442 590 515 genis.

54 516 175 572 Sustinet
183 516 323 589 impositos
333 534 440 572 summa
450 534 533 572 cavus
542 516 634 572 alveus
644 518 726 574 unda.

92 592 150 646 Hau
160 599 293 664 quantum
304 591 350 646 lati
360 609 442 665 parva
452 592 547 648 tabella
558 591 633 646 tulitl

55 665 156 721 Alveus
167 666 195 722 in
207 666 272 724 limo
282 667 359 723 silvis
369 667 501 740 appulsus
510 667 610 740 opacis,

93 741 232 814 paullatim
242 741 325 800 fluvio
337 743 489 809 deficiente,
510 743 592 798 sedet.
820 753 859 798 410

56 818 220 873 Arborerat:
242 819 516 892 remanantvosligia:
537 835 662 890 quaeque
671 826 779 873 vocalur

93 893 210 948 Rumina
221 910 296 948 nunc
305 893 388 958 ficus,
408 891 522 948 Romula
533 892 601 947 licus
610 900 674 948 erat.
720 892 722 897 '

56 969 134 1024 Venit
143 967 177 1023 ad
186 967 336 1040 expositos.
357 968 472 1033 mirum,
494 967 557 1039 lupa
568 966 634 1022 loeta
642 968 779 1041 gemellos.

92 1042 161 1110 Quis
174 1043 264 1099 credat
272 1043 364 1116 pueris
373 1061 427 1100 non
438 1044 562 1100 nocuisse
572 1041 673 1098 leram‘l

55 1119 115 1175 Non
134 1119 258 1175 nocuisse
275 1136 373 1192 parum
393 1125 447 1175 ost:
468 1116 575 1191 prodest
594 1136 716 1192 quoqua;
737 1136 805 1193 quos

436 1204 438 1209 '
551 1194 615 1267 lupa
626 1196 718 1262 nulrit,
821 1204 859 1248 llo

91 1269 201 1343 perdere
209 1271 497 1344 cognalaasuslinuore
506 1287 614 1325 manus.

55 1345 194 1414 Constitit,
215 1353 241 1399 el
250 1346 335 1401 cauda
348 1346 445 1402 lanaria
455 1345 592 1401 blanditur
600 1345 728 1412 alumnis,

92 1416 207 1495 ct'fingit
217 1419 310 1508 lingua
320 1436 428 1493 corpora
438 1419 503 1477 bina
513 1438 573 1477 sua.

54 1498 139 1554 Marte
147 1504 218 1552 satos
227 1513 324 1566 scires3
346 1497 425 1554 timor
434 1495 530 1552 abfuit.
560 1497 646 1554 Ubera
655 1504 768 1572 sugunt,

92 1580 119 1629 et
128 1572 181 1626 sibi
190 1573 316 1644 permissi
327 1572 402 1629 lactis
412 1572 522 1630 aluntur
530 1590 591 1645 opo.
821 1579 859 1625 iao

61 1648 102 1703 lla
113 1647 278 1704 loconoman
288 1647 363 1716 iecit,
385 1648 459 1706 locus
469 1649 528 1722 ipso
537 1648 675 1721 Lupercis.

93 1724 191 1797 Magna
200 1722 254 1778 dati
264 1724 356 1780 nutrix
366 1723 485 1797 praemia
496 1723 570 1778 lactis
581 1724 671 1778 habat.

72 1797 129 1854 luid
138 1805 209 1854 velat
217 1797 330 1854 Arcadio
339 1798 549 1855 dictosamonto
558 1796 710 1870 Lupercos‘l

93 1874 205 1930 Faunus
215 1874 244 1929 in
253 1873 365 1929 Arcadia
376 1873 475 1947 templa
484 1875 605 1948 Lycaeus
615 1873 704 1929 habat.

84 1955 156 2022 upla,
177 1948 250 2022 quod
259 1956 406 2022 exspectas,
425 1968 480 2006 non
490 1957 519 2006 tu
529 1949 692 2022 pollentibus
703 1949 805 2016 herbis,
821 1957 859 2003 lna

93 2041 143 2081 nec
153 2041 240 2097 praee,
261 2042 310 2080 noo
318 2025 422 2100 magico
432 2027 550 2082 carmine
560 2032 644 2081 malea
655 2026 718 2080 eris.

95 2100 156 2172 cipe
165 2098 294 2156 fecundae
302 2103 431 2173 patienter
440 2102 548 2156 verbera
558 2101 680 2156 dextrae:

98 2176 148 2232 'am
158 2193 232 2231 socer
242 2185 362 2247 optatum
373 2192 471 2231 nomen
481 2175 590 2230 habebit
599 2173 653 2230 avi.

105 2250 324 2317 niuitilladies,
344 2251 507 2324 duraquum
521 2258 591 2307 sorta
601 2249 712 2306 maritae

110 2325 240 2382 eddebant
248 2326 316 2381 uteri
326 2327 438 2401 pignora
448 2345 506 2383 rara
515 2326 569 2382 sui.
821 2336 860 2380 aso

115 2401 222 2466 insui.
243 2400 388 2468 clamabat,
409 2402 517 2475 prodest
525 2401 648 2475 rapuisse
657 2400 792 2466 Sabinas„

121 2474 237 2542 annulus,
257 2476 476 2554 (hocipsoregna
488 2477 694 2555 ienenloiuii3l

126 2568 213 2636 *onon
225 2551 304 2619 vires,
324 2554 376 2612 sed
383 2554 492 2617 belluna
504 2558 618 2620 iniuria
625 2553 714 2619 leoni

131 2623 338 2688 omnamtnon
350 2632 492 2698 babuisse
504 2659 623 2701 nurus.

136 2696 331 2774 'Mssffllllim
356 2713 465 2778 inultis
480 2709 770 2784 incinunaannlsi

909 2683 948 2727 ΝΞ)
