1898 2970
203 154 395 202 TRISTIUM
414 154 485 201 LIB.
505 155 538 202 V.
558 158 614 203 ΕΙ...
636 158 676 203 12.
759 155 808 209 269

92 257 152 325 illi,
172 257 222 332 qui
233 255 347 322 fueram,
367 255 541 328 posaeuadire
549 274 652 329 parem.
839 276 864 318 au

54 332 187 393 Contudit
195 332 336 409 ingenium
346 331 473 404 patientia
483 331 562 407 longa
572 333 719 392 malorum:

93 418 122 467 at
130 426 194 483 para
203 408 310 480 antiqui
319 424 417 482 magna
428 407 529 483 vigoris
539 408 623 464 abest.

54 486 143 559 Saepe
160 492 249 540 tamen
270 482 363 549 uobis,
384 490 415 538 ut
434 501 507 539 nunc
521 502 644 556 quoque,
665 495 754 542 sumta
770 498 810 542 ta-

555 559 688 630 beilaest;

96 636 183 710 inquo
191 652 257 692 auos
265 632 341 690 volui
350 651 443 709 eogere
452 634 533 689 verba
543 635 638 707 pudes:

55 712 179 769 earmina
189 710 288 783 aaripta
298 708 367 765 mihi
377 719 442 765 aunt
451 709 536 776 nulia,
547 720 593 766 aut
603 711 693 783 qualia
702 715 803 783 carnis,
839 726 864 768 35

94 787 181 863 digna
192 786 235 843 aui
246 784 351 844 domiui
360 793 487 858 tempore,
507 785 588 859 digna
600 787 666 843 loco.

56 863 183 993 Demazua
192 880 245 920 nou
256 878 354 935 parvas
364 860 455 918 auimo
465 861 511 916 dat
518 861 602 936 gloria
613 865 698 931 vires3

97 946 125 993 et
144 936 247 995 euunda
259 936 322 993 iacit
329 944 436 1009 pectora
446 935 534 992 laudis
544 955 628 993 amor.

57 1013 185 1071 Nominis
194 1012 314 1069 etiamaa
322 1011 460 1085 quondam
469 1010 573 1085 fulgore
583 1014 714 1081 trahebar,

96 1089 165 1145 dum
174 1087 237 1144 tulit
246 1095 375 1144 antennas
384 1105 449 1144 aura
459 1088 576 1143 secunda
589 1105 672 1145 meas.
727 1087 730 1093 '
840 1099 866 1145 tu

58 1166 121 1222 Nou
131 1165 197 1221 adeo
206 1163 323 1220 eatbana
334 1180 422 1231 nunu,
443 1171 474 1219 ut
483 1161 519 1218 ait
529 1163 596 1219 mihi
606 1165 690 1239 gioria
701 1184 789 1221 curae.

97 1239 127 1296 Si
137 1238 222 1307 libeat,
243 1238 312 1295 nulli
322 1238 446 1314 uoguitua
454 1237 616 1295 aaaaveiim.

59 1317 120 1382 An,
141 1314 352 1390 quiauaaaarunt
361 1314 449 1387 primo
457 1315 526 1370 bena
535 1316 669 1380 carmina,
689 1317 786 1372 suades

98 1392 225 1458 scribare,
245 1406 387 1448 successus
398 1400 428 1446 ut
437 1408 536 1465 sequar
545 1391 602 1463 ipsu
612 1392 703 1448 meus‘>

57 1470 142 1535 Paua,
163 1484 270 1534 noum,
290 1473 378 1523 vautra
388 1465 465 1522 limat
473 1465 583 1534 dixisse,
604 1468 725 1537 Sorores;
840 1475 866 1522 ιι

99 1562 149 1601 voa
159 1543 224 1601 eatis
234 1549 340 1600 nostrae
349 1542 570 1599 maximacauasa
580 1542 669 1618 fugae.

59 1620 150 1706 thue
160 1618 327 1675 deditiuataa
336 1618 406 1675 tauri
415 1617 556 1676 fabricator
566 1622 635 1685 abui,

59 1693 722 1841 Nffiahgiodtgoboplunauaefflffieassgffisesse?

99 1844 279 1921 aedfugoeam
288 1847 383 1902 marito
392 1844 539 1918 naufragus
548 1862 628 1900 omne
638 1843 746 1899 iratum.
842 1857 868 1900 ιι

60 1922 111 1990 At,
131 1929 213 1995 puto,
233 1922 257 1976 ai
267 1921 377 1978 domans
387 1920 508 1977 studium
521 1918 598 1976 fatale
608 1927 745 1985 retentam,

98 1996 146 2053 bio
153 1996 222 2053 mibi
232 1996 370 2069 praebebit
377 1996 505 2053 carminis
514 2014 589 2053 arma
600 1995 683 2053 iocus.

60 2074 124 2130 Nou
133 2071 202 2129 libor
210 2071 257 2128 bic
264 2072 348 2139 ullus,
355 2090 408 2131 non
416 2072 466 2145 qui
477 2073 545 2129 mibi
555 2071 704 2128 commodet
711 2088 812 2138 aurem,

101 2148 239 2221 verbaque
247 2148 399 2223 significent
407 2148 475 2220 quid
484 2164 544 2203 mea
555 2150 638 2212 norit,
659 2145 743 2201 adest.

61 2222 163 2281 Omnia
173 2223 312 2280 barbariae
323 2223 379 2280 loca
388 2232 467 2289 sunt,
488 2223 615 2295 vocisque
626 2222 735 2286 ferinae,
843 2234 868 2275 55

100 2299 191 2356 omnia
203 2305 268 2355 aunt
276 2298 361 2356 Getici
373 2298 452 2372 plena
464 2298 559 2354 timore
568 2298 638 2353 soni.

61 2374 203 2449 lpaamihi
212 2374 305 2431 viduor
313 2375 368 2431 iam
377 2373 536 2431 dedidicisse
544 2373 653 2429 Latina:

101 2450 157 2507 iam
167 2448 249 2505 didici
260 2450 351 2508 Getica
359 2449 558 2523 Sarmaticeque
569 2447 653 2520 loqui.

61 2527 119 2583 Nec
128 2534 233 2592 tamen,
254 2534 286 2582 ut
294 2542 390 2583 verum
399 2525 481 2582 fatear
490 2525 554 2590 tibi,
576 2532 664 2580 nostra
676 2525 757 2578 teneri

101 2601 312 2675 ammpouendo
320 2602 440 2659 earmina
448 2603 526 2658 Musa
535 2606 630 2673 potest.
844 2608 870 2651 au

60 2676 231 2745 Scribimus,
250 2686 277 2734 at
285 2677 399 2751 scriptos
408 2676 579 2733 absumimus
590 2674 653 2751 igne
662 2672 775 2730 iibaiioa.
