1898 2970
143 173 175 223 iii
331 174 358 217 Ρ.
378 170 507 217 (Wiffli
527 170 701 219 Nasonis

90 288 127 331 iun
179 272 452 345 eonditusegerninis
462 272 585 327 Piscibus
594 270 664 329 aiier
673 274 738 331 arii.

142 354 209 406 Nam
220 349 274 403 duo
283 356 361 419 suun
382 348 487 403 Austris
497 347 542 402 hie
550 354 600 413 est,
621 346 851 423 Aquilonibruiiir

180 425 331 498 proximus.
360 424 472 479 Avento
487 440 584 479 nornen
594 430 714 499 uterque
721 434 803 485 tanei.

146 544 243 618 Quum
254 553 353 611 croceis
363 568 451 609 rorare
460 550 537 625 genis
547 550 675 607 Tithonia
684 554 791 613 coniux

180 630 302 700 conflarit,
324 637 349 683 ei
358 628 468 700 quintae
477 634 595 697 tempora
605 624 678 683 lucie
760 648 770 689 ε

90 712 128 757 ine
143 706 201 759 sive
210 711 250 759 est
260 702 454 776 Arctophylax,
475 702 533 755 sive
542 708 583 757 est
596 700 675 777 piger
683 700 706 759 ii
718 706 845 775 clinem

182 790 325 855 mergetur,
346 776 679 851 visuseiiugieiquotuos.

144 858 178 911 Αι
189 875 241 912 non
252 855 359 929 eiiugiet
369 852 545 909 vindemitor.
576 852 631 908 ileo
638 868 757 929 quoqne
767 866 874 913 mnan

182 931 253 987 unde
263 932 349 986 trahat
357 928 443 993 sirius,
462 944 544 999 parve
553 926 647 983 dooere
659 945 740 987 mora
749 940 801 991 ssi.

147 1007 277 1079 Ampelon
289 1007 438 1069 intonsum,
459 1002 553 1133 Saixlro
562 1002 873 1079 Nymphaquenreainn¹

91 1091 130 1137 iio
183 1084 264 1136 iariur
275 1083 302 1136 in
316 1080 433 1133 isnrariis
443 1080 510 1133 Baoc
531 1096 563 1133 us
574 1080 699 1135 amassai
743 1082 779 1141 ἰ.

147 1156 276 1233 [Tradidit
286 1156 350 1208 huie
361 1156 442 1207 vitern
453 1153 613 1225 pendentem
622 1170 638 1208 e
647 1100 799 1217 iroriffilrbua
806 1154 875 1225 niari;
895 1202 898 1209 .

183 1248 252 1303 quae
262 1248 334 1285 nunc
344 1230 377 1283 de
389 1230 464 1300 pueri
478 1230 587 1286 nomine
596 1246 698 1287 nomen
708 1230 816 1313 habat]

146 1310 215 1361 Dnrn
227 1306 290 1379 legit
300 1307 326 1360 in
339 1323 412 1361 ramo
422 1305 508 1377 pictas
517 1304 676 1361 temerarius
685 1322 774 1375 urae.

183 1382 293 1437 decidit:
314 1382 445 1437 amissum
456 1380 535 1437 Liber
545 1381 574 1435 in
584 1388 654 1435 astra
664 1382 741 1439 tulii.

92 1520 131 1566 ire
147 1502 249 1565 Sextus
259 1509 306 1563 ubi
317 1507 422 1563 Oceano
430 1506 563 1563 clivosum
573 1506 683 1563 scandet
692 1506 846 1597 Olympum

184 1584 316 1649 Phoebus,
336 1590 362 1637 et
371 1581 447 1637 alatis
457 1582 562 1639 aethera
571 1590 661 1654 carpet
670 1599 770 1656 equie3

147 1661 274 1737 quisquis
284 1660 356 1725 ades,
379 1657 865 1733 canaequernlispenetraiieiieaare3

183 1746 296 1813 gratare,
318 1735 405 1791 iliacis
416 1743 607 1807 turaquepone
617 1732 693 1809 ionis.

147 1814 267 1871 Caesaris
279 1810 439 1877 innumeris,
460 1827 542 1882 quam
553 1807 649 1864 maluit
659 1808 706 1865 iiie
716 1814 828 1883 mereri,

93 1898 131 1944 iau
183 1890 293 1943 accessit
303 1887 387 1941 titulis
397 1883 559 1942 Pontifioaiis
569 1886 665 1941 honos.

147 1964 259 2035 ignibus
269 1963 382 2015 aeternis
392 1961 489 2016 aeterni
501 1960 613 2016 numina
622 1960 743 2032 praesint

185 2036 315 2091 Caesaris.
346 2036 452 2107 Imperii
461 2037 575 2111 pignora
585 2036 676 2091 iuncta
685 2034 775 2095 vides.

81 2120 84 2125 '
148 2115 184 2166 De
194 2112 290 2168 veteris
299 2111 392 2166 Troiae
401 2111 560 2186 dignissima
571 2110 667 2183 praeda
678 2109 782 2180 favilla,

185 2205 238 2259 qua
248 2188 339 2263 gravis
349 2187 450 2242 Aeneas
460 2194 535 2241 tutus
545 2186 579 2242 ab
588 2186 664 2243 hoste
673 2184 735 2253 fuit,

94 2271 133 2318 425
148 2271 221 2318 ortus
231 2264 265 2318 ab
276 2265 362 2319 Aenea
376 2262 461 2334 tangit
470 2270 580 2335 cognata
592 2260 714 2318 sacerdos

186 2338 311 2408 uumina3
332 2346 490 2412 cognatum,
512 2338 605 2403 Vesta,
625 2345 699 2393 tuere
708 2346 801 2411 caput.
894 2356 897 2361 ·

149 2414 222 2482 Quos
233 2422 323 2468 sancte
334 2413 405 2469 fovet
414 2411 460 2466 ilie
469 2430 562 2480 manu,
585 2414 652 2468 bena
661 2412 755 2467 vivitis
766 2414 856 2489 ignes.
871 2434 876 2445 ·

187 2489 274 2545 Viuite
290 2489 457 2554 inexstincti,
478 2486 639 2562 flammaque
648 2489 775 2560 duxque,
796 2486 898 2561 premi·

148 2606 216 2671 Una
227 2622 288 2670 nota
298 2621 338 2668 est
346 2616 437 2670 Mariis
447 2592 542 2680 Nonis,
563 2625 664 2670 saerata
673 2613 747 2687 quod
757 2614 814 2671 iliis
893 2630 897 2643 ·

96 2699 135 2745 isa
188 2689 467 2764 iempiapatantiuoos
475 2690 654 2747 Veiovisante
667 2689 747 2747 duos.
870 2668 896 2751 ii
