1898 2970
165 170 215 228 204
351 176 381 221 1².
401 172 527 221 ovmn
544 170 714 221 ransom

357 376 598 434 ELEGIA
656 376 722 433 111.

164 492 243 556 Haeo
252 516 325 564 maa,
346 499 370 553 si
380 516 444 553 casu
454 498 575 564 miraris,
595 497 707 570 epistola
719 516 806 571 quara

202 575 312 630 alterius
321 573 413 647 digitis
422 575 520 645 scripta
530 576 578 629 sit:
599 591 772 649 aegareram.

165 650 250 726 Aeger
260 650 288 706 in
297 649 422 705 extremis
431 649 515 723 ignoti
525 649 648 722 panion
657 649 743 715 orbis,

204 727 374 798 incertusque
381 740 455 778 mese
464 741 549 796 paone
560 724 655 780 salutis
664 742 749 781 eram

112 816 123 858 a
165 802 251 870 Quem
262 800 329 856 mihi
339 816 413 855 nuno
421 799 554 866 animum,
575 800 633 856 dira
642 802 752 876 regione
762 800 866 866 iaoenti,

204 880 273 933 inter
280 876 450 932 Sauromatas
460 892 519 931 essa
529 876 665 949 Getasque
674 874 776 949 putes?

166 957 221 1009 Neo
229 951 332 1010 eoelum
342 951 436 1024 patior,
457 968 506 1007 neo
515 951 594 1023 aquis
603 951 779 1007 sumsimus
788 952 861 1008 istis:

204 1039 326 1100 terraque
335 1025 488 1099 nescioquo
498 1044 551 1082 nou
560 1025 713 1098 plaeetipsa
723 1026 816 1084 modo.

168 1106 226 1159 Non
237 1103 334 1159 domus
345 1111 405 1174 apta
416 1103 495 1158 satis:
516 1120 570 1157 nou
582 1101 627 1156 hio
636 1102 714 1158 uibus
724 1102 803 1159 utilis
813 1120 885 1179 atqua

113 1194 138 1236 tu
204 1177 307 1244 nullus,
329 1176 468 1249 Apollinea
477 1179 526 1251 qui
537 1177 606 1232 lavet
616 1184 674 1233 arta
685 1177 802 1233 malum.

167 1256 226 1311 Non
236 1253 284 1325 qui
295 1252 404 1320 soletur,
425 1270 480 1309 nou
530 1253 539 1308 i
554 1252 669 1309 labentia
678 1254 757 1309 tarda

204 1338 321 1401 tempora
331 1328 464 1387 narrando
472 1328 497 1384 ia
510 1329 555 1395 lat,
576 1328 774 1385 amiousadest.

167 1407 267 1461 Lassus
279 1406 307 1460 in
317 1407 443 1460 extremis
457 1405 527 1461 imo
535 1404 700 1493 populisque
709 1405 846 1480 loeiquo3

205 1489 230 1536 et
239 1480 312 1536 subit
321 1480 412 1537 affecto
422 1498 496 1536 nuno
504 1481 582 1546 mihi,
602 1481 738 1554 quidquid
749 1483 836 1538 abest.

114 1572 139 1614 15
168 1557 265 1614 Omnia
274 1573 362 1629 quum
372 1557 495 1624 subeant,
505 1557 591 1613 vincis
601 1565 691 1611 tamen
699 1558 885 1624 omniomnis

205 1643 231 1689 et
242 1632 304 1705 plus
316 1632 344 1688 in
355 1639 444 1688 nostro
453 1640 559 1704 pectore
569 1640 644 1705 parte
656 1640 740 1688 tenes.

169 1713 205 1766 Te
216 1709 309 1782 loquor
318 1708 472 1766 absentem:
491 1716 517 1763 to
527 1726 580 1764 vox
590 1726 649 1763 mea
659 1708 885 1767 nonnosum:

208 1785 281 1842 nulla
292 1784 433 1842 venitsine
443 1792 469 1840 te
479 1785 625 1850 mmihi,
647 1782 723 1839 nulla
731 1783 801 1840 dias.

169 1862 240 1929 Quin
251 1862 330 1918 etiam
341 1861 380 1917 sio
390 1878 433 1917 me
442 1860 537 1916 dicunt
548 1859 633 1916 aliena
644 1858 775 1926 locutum,

115 1950 140 1992 2⁰
207 1945 236 1990 ut
247 1937 313 1993 toret
322 1937 435 1993 amentis
445 1954 542 1993 nomen
552 1937 581 1992 in
590 1954 636 1993 ore
645 1943 734 1991 tuum.

170 2011 196 2065 Si
208 2013 261 2067 iam
271 2012 402 2078 deficiam.
424 2030 623 2087 suppressaque
632 2011 726 2086 lingua
735 2009 837 2082 palato,

208 2087 252 2142 vix
264 2086 393 2145 instillato
401 2088 563 2144 restituenda
573 2105 661 2155 mero;

171 2164 275 2218 nuntiet
283 2163 336 2219 huc
345 2162 445 2237 aliquis
454 2163 591 2220 dominam
600 2163 722 2229 vonisso;
743 2178 885 2237 resurgam

208 2256 324 2311 spesque
332 2241 371 2294 tui
383 2240 461 2296 nobis
470 2258 565 2298 caussa
573 2240 675 2314 vigoris
683 2238 744 2293 erit.

116 2325 142 2369 25
169 2314 240 2387 Ergo
249 2332 299 2388 ego
308 2332 370 2369 sum
379 2315 449 2370 vitae
459 2315 573 2373 dubius:
595 2324 623 2372 tu
634 2314 744 2370 forsitan
756 2313 818 2368 istio

208 2388 373 2456 iucundum,
394 2391 590 2458 marinosis,
610 2398 719 2463 tempus
728 2389 798 2463 agis.

170 2465 312 2537 Nonagis‚
332 2464 460 2522 adfirmo:
481 2466 639 2541 liquethoo‚
660 2465 811 2530 carissima,
833 2465 885 2523 noh

208 2549 315 2613 tempus
325 2540 369 2618 agi
378 2541 438 2597 sins
447 2558 554 2598 menon
564 2542 616 2598 nisi
626 2540 771 2609 tristanti,

157 2617 191 2676 Si
202 2627 295 2677 tamen
308 2617 436 2697 implerit
445 2634 588 2682 moasors,
606 2616 790 2689 quostiam
803 2634 885 2671 snum

85 2706 117 2753 ὅθ
186 2709 217 2759 et
226 2700 303 2759 nihi
315 2699 435 2763 vivendi
445 2708 508 2757 tam
517 2695 573 2751 aito
581 2688 754 2752 unissossts
