1898 2970
263 126 477 174 FASTORUM
494 128 563 173 LIB.
583 129 614 174 11.
783 128 816 178 39

102 225 199 299 pallet,
220 235 245 282 et
253 227 362 284 hostiles
374 228 457 283 eredit
467 226 558 282 adesse
568 246 676 286 manus.

62 303 154 375 thue
164 302 226 365 sinu
237 304 437 370 tenuituatum,
459 303 623 372 succurrite,
644 307 795 381 Nymphae,

101 386 129 433 et
138 378 182 433 dis
191 379 325 435 auxilium
334 379 399 435 ferte
409 380 532 445 duobus,
553 380 599 436 eit.
832 394 870 439 tit

61 455 120 509 Nee
130 471 218 524 mora;
239 455 374 528 prosiluit.
404 456 493 512 Pisces
503 456 610 511 subiere
618 457 734 530 gemelli.

101 530 154 586 Pro
163 547 218 602 quo
228 548 315 597 nuno,
336 531 438 598 cernis,
458 532 774 589 siderenumenhabent.

62 604 129 660 lude
139 605 213 660 nefas
225 606 329 663 ducunt
336 624 423 681 genus
431 607 483 663 hoe
492 608 631 679 imponere
639 610 740 664 mensis

102 697 151 736 uec
161 681 263 738 violant
274 683 360 738 trmrdr
370 684 492 756 prserbus
501 700 548 739 ora
557 682 629 758 Syri.

63 823 193 887 Proxima
204 831 252 889 lux
261 851 344 889 vacua
355 843 409 889 est:
431 843 457 888 at
467 835 541 889 tertia
552 833 621 888 diota
632 833 754 900 Quirino.
831 847 869 892 tta

101 906 154 974 Qui
166 915 238 964 tenet
246 908 298 964 hoo
308 926 420 974 nomeu,
441 908 573 965 Romulus
584 921 645 964 ante
654 909 725 967 tuit..

10 1050 15 1057 .
63 980 125 1038 Sive
135 983 208 1055 quod
219 983 295 1038 hesta
304 983 393 1056 quiris
400 984 497 1055 priscis
506 985 624 1039 estdicta
633 984 755 1042 Sabinis:

99 1056 300 1114 bellicusatelo
309 1060 383 1115 venit
392 1058 421 1113 in
431 1068 502 1114 astra
510 1060 590 1115 deus:

64 1133 122 1189 sive
131 1152 214 1189 suum
224 1134 280 1208 regi
291 1152 389 1190 nomon
398 1152 512 1208 posuere
521 1134 652 1202 Quirites:

100 1227 149 1264 seu
160 1210 224 1282 quia
233 1209 361 1266 Romanis
371 1211 495 1265 iunxerat
505 1208 548 1265 ille
559 1211 651 1267 Cures.
830 1224 868 1269 tro

61 1285 812 1359 Nampaterarmipoteus‚p0stquamnovamoenravidit‚

19 1377 29 1386 “
99 1359 241 1433 multaque
250 1361 378 1417 Romulea
387 1360 457 1416 bella
467 1372 572 1434 peracta
585 1379 682 1418 mauu:

61 1436 177 1509 Iupiter,
198 1435 303 1509 inquit,
324 1436 404 1492 habet
412 1438 532 1492 Romana
541 1438 658 1509 potentia
668 1440 753 1494 vires:

99 1511 243 1586 sanguinis
253 1511 340 1568 officio
350 1529 404 1568 nou
415 1520 474 1587 eget
483 1511 529 1567 ille
539 1513 602 1569 mei.

60 1586 152 1643 Redde
162 1588 230 1659 patri
243 1595 351 1644 netum:
372 1588 499 1661 quamvis
509 1588 641 1644 intercidit
650 1590 724 1655 alter,
829 1600 867 1644 4⁸5

98 1681 149 1735 pro
158 1680 187 1719 se
197 1681 299 1736 proque
308 1665 405 1729 Remo,
427 1665 476 1736 qui
486 1664 555 1718 mihi
564 1672 657 1730 restat,
677 1666 737 1720 erit.

60 1739 214 1804 Hauserit,
235 1757 317 1812 quem
327 1748 357 1794 tu
366 1738 442 1794 tolles
452 1739 481 1794 in
491 1739 577 1793 sidera
587 1739 663 1804 coeli,

100 1822 131 1868 tu
140 1813 208 1869 mihi
218 1815 321 1870 dixisti.
351 1813 645 1869 Sintratadietalovis.

59 1889 163 1962 Iupiter
172 1898 312 1945 annuerat.
340 1890 415 1944 Nutu
425 1887 593 1944 tremefactus
603 1897 715 1964 uterque

99 1972 140 2020 est
148 1965 237 2036 polus,
256 1974 283 2020 et
290 1964 356 2021 coeli
366 1966 482 2038 pondera
492 1965 567 2022 novit
575 1965 660 2022 Atlas.
829 1978 867 2022 tau

58 2042 110 2096 Est
119 2040 207 2110 locus3
228 2041 332 2114 antiqui
343 2040 458 2114 Capreae
466 2041 557 2096 dixere
566 2041 707 2114 paludem;

99 2115 167 2172 sorte
176 2116 231 2172 tuis
240 2115 310 2183 illie,
332 2115 459 2181 Romule,
479 2115 640 2172 iuradebas.

59 2189 107 2248 Sol
117 2191 201 2266 fugit,
222 2199 248 2248 et
259 2200 397 2249 removent
404 2191 549 2246 subeuntia
560 2191 654 2247 nubila
664 2191 781 2247 eoelum:

100 2275 126 2322 et
134 2268 226 2341 gravis
236 2267 328 2323 effusis
338 2265 436 2324 decidit
447 2265 534 2323 imber
544 2267 633 2339 aquis.

60 2344 131 2398 Hine
139 2351 222 2409 tonat,
236 2343 301 2398 hine
310 2342 402 2399 missis
412 2342 583 2414 abrumpitur
593 2342 703 2417 ignibus
712 2344 810 2397 aether.
828 2351 866 2395 toa

99 2419 145 2475 Fit
152 2417 232 2493 fuge3
253 2436 301 2476 rex
312 2418 406 2491 patriis
416 2426 487 2474 astra
496 2418 602 2492 petebat
614 2417 701 2490 equis.

59 2496 164 2552 Luctus
174 2501 243 2560 erat,
263 2492 400 2568 falsaeque
407 2495 498 2551 Patres
510 2493 541 2552 iu
550 2492 670 2553 erimine
677 2493 786 2551 saeuis.

99 2569 283 2640 Haesissetque
291 2570 393 2629 animis
403 2571 523 2634 forsitan
535 2574 590 2635 itta
602 2573 693 2634 aasz

42 2641 100 2696 Μ
103 2641 205 2710 Ps⁰0111
213 2659 230 2697 θ
239 2645 338 2724 Longa
350 2652 487 2715 veniebat
500 2656 602 2718 Iulius
612 2653 704 2716 rme·
