1898 2970
209 174 401 223 'rmsulun
419 175 488 221 ΜΒ.
504 175 534 221 V.
563 178 663 225 Eho.
761 172 811 226 257

264 379 508 436 ELEGIA
566 380 606 434 V.

54 496 181 561 Annuus
190 507 329 558 assuetum
339 499 464 555 dominae
474 499 570 555 natalis
580 500 708 557 honorem

93 579 193 654 exigit:
215 578 251 632 ite
261 593 359 631 manus
370 574 403 629 ad
413 576 457 647 pia
470 593 545 631 sacra
560 593 644 632 meae.

55 653 101 709 Sic
113 653 253 726 quondam
264 651 363 706 festum
374 651 496 706 Lne'rtius
506 652 589 726 egerit
599 650 678 708 heros

94 728 185 784 lorsan
196 727 225 782 in
235 734 354 783 extremo
363 726 488 802 coniugis
497 728 562 783 orbe
570 727 652 783 diem.

57 805 164 878 Lingua
176 801 269 858 fovens
279 801 359 867 adsit,
381 811 534 859 nostrorum
544 802 626 859 oblite
638 802 785 858 malorum:
855 815 866 857 5

95 895 176 951 quoe,
196 885 272 950 puto,
293 877 419 933 dedidicit
429 878 483 934 iam
494 879 564 934 bona
576 879 657 934 verba
671 877 759 950 loqui.

56 970 183 1028 quaeque
192 953 275 1009 semel
288 961 341 1009 toto
351 954 433 1008 vestis
443 954 511 1008 mihi
521 955 639 1010 sumitur
649 973 729 1019 anuo,

94 1037 221 1085 sumatur
230 1027 291 1084 latis
300 1028 415 1085 discolor
425 1028 485 1085 alba
495 1029 577 1086 meis:

56 1123 159 1178 araque
166 1104 307 1179 gramineo
318 1104 413 1160 viridis
422 1104 455 1160 de
465 1105 564 1178 cespite
573 1106 632 1175 fiat;

79 1189 121 1236 ·et
130 1179 201 1236 velet
210 1179 313 1253 tepidos
324 1198 392 1235 nexa
402 1199 498 1237 corona
509 1181 590 1239 locos.
841 1192 865 1234 ιο

56 1259 94 1312 Da
106 1256 256 1323 mihiture,
276 1273 355 1329 puer,
374 1256 491 1331 pingues
501 1257 622 1312 facientia
632 1257 764 1323 flammas,
866 1286 870 1299 ι

95 1332 227 1405 quodque
235 1332 281 1404 pio
291 1331 384 1387 lusum
394 1332 489 1388 stridat
498 1333 526 1387 in
537 1334 599 1407 igne
609 1351 725 1388 merum.

56 1409 167 1482 Optime
180 1406 287 1474 natalis,
308 1409 435 1480 quamvis
445 1407 538 1478 procul
549 1409 691 1474 absumus,
712 1417 774 1480 opto

94 1483 230 1540 candidus
239 1483 294 1539 huc
303 1483 407 1549 venias,
422 1483 616 1557 dissimilisque
627 1503 699 1541 mco:

56 1562 80 1617 si
91 1559 167 1633 quod
176 1567 203 1615 et
212 1559 329 1614 instabat
338 1558 462 1615 domines
474 1559 625 1616 miserabile
635 1558 746 1625 vulnus,
843 1571 868 1612 15

95 1636 132 1692 sit
139 1632 281 1708 perfuncta
291 1635 359 1690 meis
370 1643 476 1707 tempus
487 1638 514 1691 in
525 1654 604 1691 omne
615 1634 709 1689 malis:

55 1710 820 1787 queequegrnvinuperplusquamquassataprocellaest,

94 1785 170 1861 quod
182 1794 314 1859 superest,
336 1794 424 1841 tutum
435 1805 483 1858 per
493 1803 565 1840 mare
575 1786 652 1840 navis
666 1794 716 1839 eet.

56 1864 106 1920 illc
114 1863 198 1920 domo
208 1870 324 1936 notaque
335 1881 384 1918 sua
394 1863 534 1935 patriaque
547 1860 662 1916 fruatur.

93 1940 194 2010 Erepto
207 1938 272 1993 haec
282 1938 331 1993 uni
344 1938 381 1993 sit
392 1938 457 1994 setis
468 1954 525 1993 esse
534 1936 612 1992 milri.
843 1949 867 1990 20

56 2015 199 2082 Quatenus
208 2021 234 2068 et
244 2031 299 2070 non
308 2023 349 2070 est
358 2014 387 2070 in
396 2031 457 2071 caro
466 2013 580 2088 coniuge
590 2013 663 2079 felix,

96 2089 241 2162 parevitae
250 2089 319 2144 tristi
330 2098 430 2145 caetero
440 2089 512 2145 nube
521 2097 606 2145 vacet.
705 2125 706 2128 =

56 2163 810 2238 Vivat,emetquevirum,quoniamsiccogitur‚ohseus:

97 2248 295 2314 consumatque
303 2258 399 2310 anuos,
420 2240 468 2296 sed
480 2239 618 2304 diuturna,
639 2257 714 2293 suos⁸

56 2316 375 2373 Adiiceremetnostros:
396 2313 675 2388 sedneoontagialati
844 2324 869 2367 25

97 2400 275 2463 corrumpent
284 2392 374 2459 timeo,
396 2402 465 2466 quo's
476 2390 531 2466 agit
543 2390 612 2462 ipsa,
634 2389 696 2443 mei.

57 2466 104 2524 Nil
116 2466 223 2523 homini
233 2476 336 2523 certum
346 2477 400 2523 est:
422 2468 479 2523 fieri
489 2468 552 2540 quis
562 2484 640 2538 posse
650 2473 764 2536 putaret,

97 2550 130 2598 ut
142 2541 257 2597 iacerem
267 2543 296 2598 in
308 2543 404 2599 mediis
414 2543 480 2598 haec
490 2560 539 2618 ego
552 2560 629 2598 sacre
639 2540 733 2600 Gelrs‘l

56 2618 182 2686 Adspice,
205 2626 307 2671 utnure
319 2627 408 2675 temen
419 2619 514 2677 fumos
526 2640 542 2677 e
555 2630 617 2680 ture
628 2629 743 2680 coortos

83 2690 300 2754 reporteslteles
309 2701 337 2748 et
345 2693 405 2752 loce
416 2697 517 2757 dextra
526 2699 613 2761 ferat.

70 2765 144 2817 Onn.
164 2767 252 2825 2111.
684 2789 720 2844 R

893 2692 926 2732 ‘lu
