1898 2970
336 193 522 240 nors.
755 183 806 240 397

94 293 204 350 nomina
214 292 260 348 dea
271 293 391 367 rapidae,
412 295 454 350 vel
465 294 622 359 Tiberinus,
644 311 738 367 aquae.

54 369 249 441 Astacidaeque
258 369 337 426 modo
345 369 432 426 defixa
442 371 569 426 cadavere
579 377 682 436 trunco,

94 444 177 519 digna
188 443 261 510 ieris,
281 446 384 502 homini
394 447 586 518 sitcaprrteeca
596 452 685 500 tuum.

55 521 189 594 Quodque
197 518 286 576 ferunt
294 522 405 578 Brotean
414 521 509 578 secisse
519 520 646 594 cupidine
655 522 758 587 mortis,

94 595 142 650 dea
152 603 198 650 tua
208 612 351 652 succensae
359 597 479 653 membra
489 597 631 653 cremanda
642 609 740 671 pyrae:
824 609 862 651 52⁰

56 671 237 743 inclususque
245 687 336 726 necem
346 689 425 728 eavea
435 672 555 745 patiaris,
576 671 661 727 utillo

72 790 76 797 .
95 765 149 802 non
160 745 324 819 profecturae
332 748 452 804 conditor
462 748 597 804 historiae.

58 823 146 894 thue
156 822 281 894 repertori
292 824 383 879 nocuit
392 824 525 899 pugnacis
536 823 631 889 iambi,

96 899 137 953 cie
146 899 182 953 eit
191 899 220 952 in
232 898 346 953 exitium
356 898 449 974 lingua
458 906 580 973 proterva
589 905 677 954 tuum.

57 974 147 1046 thue
155 990 252 1046 parum
263 973 352 1028 stabili
361 975 410 1046 qni
419 975 538 1030 carmine
549 973 625 1029 laesit
633 974 761 1041 Athenas,
824 986 864 1028 525

96 1049 204 1105 inviaua
213 1066 307 1122 pereas
316 1049 453 1106 deficiente
462 1050 532 1106 cibo.

58 1128 125 1182 Utve
135 1125 208 1200 lyrae
217 1132 291 1180 vates
300 1124 384 1182 fertur
395 1125 506 1199 per-iiam
517 1142 637 1187 severae:

96 1218 191 1256 caussa
201 1201 320 1256 sitexitii
329 1201 436 1258 dextera
446 1201 516 1259 laesa
525 1202 576 1258 tui.

59 1278 147 1350 thue
156 1277 368 1350 Agamemnonio
378 1278 479 1334 vulnus
488 1278 562 1334 dedit
570 1278 667 1352 anguis
678 1277 798 1333 Orestae:

97 1352 388 1425 tuquoquedemoreu
401 1353 698 1410 vimshabentecadas.
826 1368 865 1410 53⁰

59 1427 100 1483 Sit
109 1428 158 1483 tibi
169 1428 287 1503 coniugii
300 1445 353 1485 nox
362 1429 449 1502 prima
462 1429 608 1486 novissima
618 1429 698 1486 vitae.

97 1502 210 1576 Eupoli·
220 1504 271 1560 hoc
279 1505 359 1576 periit
367 1512 393 1561 et
401 1523 471 1562 nova
481 1513 565 1579 nupta
577 1505 666 1562 modo.

61 1581 149 1652 thue
157 1579 347 1636 cothurnatum
357 1581 485 1637 cecidisse
493 1581 669 1656 Lycophrona
680 1591 799 1649 narrant,

32 1695 45 1728 4
98 1655 205 1710 haereat
213 1655 241 1710 in
251 1656 327 1711 tibris
337 1656 391 1712 fixa
401 1657 496 1731 sagitta
506 1657 572 1713 tuis.

61 1731 115 1787 hut
127 1729 195 1786 lacer
205 1731 234 1786 in
244 1731 322 1787 silvis
332 1732 459 1787 manibus
470 1747 595 1805 spargare
605 1738 729 1788 tuorum:
827 1747 866 1790 535

99 1823 210 1878 sparsus
219 1816 251 1862 ut
259 1813 300 1862 est
310 1807 410 1862 Thebis
419 1823 508 1882 angue
518 1813 621 1861 creatus
632 1824 691 1862 avo.

62 1884 164 1954 Perque
174 1881 242 1938 feros
254 1888 359 1939 montes
370 1890 445 1938 tauro
453 1883 572 1954 rapiente
581 1882 709 1939 traharis:

98 1966 129 2013 ut
137 1965 216 2013 tracta
226 1967 267 2014 eat
275 1959 374 2015 coniux
384 1958 526 2030 imperiosa
536 1958 612 2032 Lyci.
652 2020 655 2025 ,

61 2033 192 2106 Quodque
202 2051 355 2106 suaapansa
364 2042 404 2090 est
412 2033 499 2106 pellax
509 2034 592 2090 invita
606 2041 699 2101 sorori,

99 2109 203 2165 excidat
212 2109 362 2182 antepedes
373 2109 465 2185 lingua
476 2119 574 2166 resecta
587 2118 658 2166 tuos.
827 2120 866 2167 545

62 2184 189 2242 Conditor
198 2192 230 2241 ut
241 2185 345 2252 tardae,
365 2185 475 2241 Blaesue
483 2187 657 2259 cognomine,
679 2185 806 2261 Cyrrhae,

99 2259 602 2318 urbiaininnumerieinveniareloois.

61 2338 148 2410 inque
160 2336 215 2392 tuis
223 2335 328 2410 opifex,
348 2337 402 2392 vati
413 2337 486 2411 quod
497 2336 558 2392 iecit
568 2336 682 2403 Achaeo,

100 2411 181 2469 noxia
191 2411 342 2470 iuminihna
351 2411 455 2486 apicula
467 2411 562 2469 condat
571 2412 641 2486 apio.

63 2487 223 2544 Fixuaetin
234 2488 311 2545 durio
322 2488 440 2562 carparis
452 2488 551 2543 viscera
564 2487 652 2544 saxis:
829 2495 868 2543 ste

102 2563 186 2621 uteui
195 2564 298 2638 Pyrrha
307 2563 418 2621 auiiilia
427 2563 518 2620 fratris
527 2571 596 2622 erat.

60 2639 97 2722 Ut
96 2655 171 2707 puer
175 2639 345 2726 Harpagides
354 2640 458 2700 referas
468 2640 770 2719 exampia’ihueexa‘et

84 2727 171 2779 toque
179 2721 219 2770 tur
231 2732 335 2777 maana
345 2719 458 2782 vincera
468 2724 567 2802 patrie
580 2738 645 2783 eea.
