1904 2986
131 214 165 269 72
322 220 352 264 P.
374 219 501 267 OVIDII
519 216 686 266 NASONIS

132 323 201 378 Sunt
209 321 310 394 quibus
321 320 385 375 baec
396 323 471 375 Luna
481 328 534 386 est,
548 321 611 392 quia
623 319 762 374 mensibus
772 319 882 392 impleat

170 489 230 543 pars
241 471 365 537 Themin,
386 471 521 526 Inachiam
531 486 594 542 pars
603 413 862 542 pidtlddlgseboverb.
888 441 891 445 Ι

133 547 264 611 Invenies,
285 547 333 618 qui
343 554 368 601 te
378 546 519 620 Nympben
531 545 664 600 Atlantida
674 545 778 614 dicant=3

79 636 118 679 utu
169 622 437 694 tequeloviprimos,
460 623 547 686 Anna,
567 618 673 675 dedisse
682 621 766 675 cibos.

132 698 201 752 Haec
211 713 333 769 quoque,
353 714 436 770 quam
446 696 572 762 referam,
593 703 696 751 nostras
709 698 832 768 pervenit
847 695 878 749 ad

615 786 695 826 aures

172 847 255 903 fama:
278 865 351 903 neca
362 847 418 903 veri
429 847 540 902 dissidet
549 845 594 900 iila
605 846 665 901 tide.

134 924 212 979 Plebs
223 930 309 989 vetus,
330 929 355 978 et
366 922 448 978 nuliis
458 923 605 978 etiamnum
616 929 672 976 tuta
686 921 824 986 Tribunis,

171 999 254 1073 fugin
275 1007 301 1054 et
312 998 341 1054 in
351 998 423 1054 Sacri
433 998 530 1054 vertice
540 997 638 1053 montis
650 1005 714 1051 erat.

80 1088 118 1131 ⁶65
134 1077 189 1129 Iam
200 1091 317 1146 quaque,
338 1091 419 1144 quem
429 1091 520 1129 secum
531 1072 654 1137 tulerunt,
676 1071 804 1126 defecerat
814 1069 868 1123 iilis

171 1149 267 1213 victus,
287 1148 448 1202 etbumanis
458 1149 553 1202 usibus
563 1154 623 1218 apta
633 1146 720 1202 Ceres.

134 1222 195 1278 Orta
206 1222 368 1276 suburbanis
379 1222 509 1293 quaedam
520 1221 572 1277 iuit
580 1221 657 1276 Anna
667 1221 777 1277 Bovillis

171 1314 281 1369 pauper,
302 1296 349 1351 sed
358 1296 457 1352 multae
468 1296 629 1362 sedulitatis,
649 1314 728 1352 anus,

135 1373 192 1436 Illa,
214 1372 264 1427 levi
275 1371 442 1430 mitracunos
452 1372 701 1444 redimitat'apillcs,

81 1462 119 1505 utu
171 1447 288 1521 fingebat
298 1447 409 1502 tremula
419 1448 517 1503 rustica
529 1447 581 1502 liba
591 1462 688 1502 manu:

135 1531 214 1594 atque
223 1523 259 1576 ita
268 1539 315 1594 per
324 1522 456 1593 populum
466 1523 683 1577 fumantia'ntane
692 1520 792 1574 solebat

171 1596 298 1651 dividere.
329 1596 397 1650 Haec
405 1596 505 1668 populo
514 1597 589 1667 copia
598 1607 671 1668 grata
681 1594 741 1648 t'uit⁴

134 1675 199 1727 Pace
208 1671 281 1727 dorni
291 1670 356 1725 facta
367 1672 476 1745 signum
488 1686 600 1743 posuere
610 1671 751 1734 Perennae,

171 1747 244 1819 quod
255 1747 306 1801 sibi
317 1745 424 1801 defectis
434 1746 481 1800 iila
492 1745 597 1800 tulisset
605 1756 693 1817 opem.

81 1835 119 1879 675
134 1824 213 1878 Nunc
222 1823 300 1888 mibi,
308 1839 356 1877 cur
364 1829 478 1888 cantent,
486 1829 615 1893 superest,
626 1820 755 1876 obscoena
764 1818 878 1891 puellae,

171 1897 271 1956 dicere:
293 1899 474 1963 nemeaeum,
495 1895 721 1970 certaqueprcbra
731 1902 841 1950 canunt.

134 1974 225 2044 Nuper
236 1979 290 2026 erat
299 1971 347 2026 dea
357 1971 438 2040 facta;
457 1971 532 2027 venit
542 1973 675 2028 Gradivus
683 1971 719 2027 ad
731 1969 815 2038 illam,

171 2054 267 2103 etcum
278 2047 386 2102 seducta
397 2046 548 2102 talia'verba
558 2044 634 2103 iacit:

134 2123 224 2179 Mense
234 2122 408 2178 meoccieris:
429 2123 506 2178 iunxi
517 2128 814 2195 mea'ternpcratetum:

81 2210 119 2253 68⁰
172 2197 268 2268 pendet
278 2198 311 2252 ab
323 2198 409 2254 officio
419 2214 480 2270 spes
490 2199 556 2252 mihi
567 2216 664 2273 magna
673 2205 728 2254 tuo.

134 2272 257 2346 Armiger
267 2273 404 2329 armiferae
412 2282 547 2344 correptus
557 2291 645 2329 amore
655 2274 789 2330 Minervae

172 2365 248 2402 uror:
270 2354 295 2402 et
306 2348 356 2404 boc
369 2347 448 2421 longo
460 2356 577 2420 tempore
586 2348 687 2404 vulnus
698 2347 749 2404 313.

135 2421 217 2477 Effice
226 2422 254 2476 dt
264 2423 353 2479 studio
363 2423 465 2478 similes
474 2425 598 2479 33333333
609 2424 746 2479 inunum.

72 2547 77 2556 .
173 2497 342 2554 Conveniunt
351 2507 438 2570 partes
446 2499 496 2554 bae
505 2499 568 2565 tibi,
589 2499 673 2555 comis
683 2514 761 2554 auus.

82 2585 120 2628 585
134 2573 250 2628 Dixerat.
281 2572 327 2628 1113
337 2573 417 2630 deum
427 2575 559 2648 promissa
570 2574 639 2630 ludit
648 2574 736 2632 inani:

161 2655 190 2701 et
195 2648 310 2705 stultam
322 2649 407 2708 dubia
417 2652 497 2727 spem
508 2651 591 2708 trabit
597 2667 688 2723 usque
694 2658 783 2703 nura.

105 2719 230 2794 Saepius
238 2725 375 2800 instanti,
401 2720 848 2806 113333133333313333,’3311111ἱὶ
