1898 2970
144 184 194 238 {82
333 189 361 230 P.
382 185 508 231 OVlDll
527 186 697 232 NASONIS

204 363 236 416 Τ
289 361 327 414 B
378 360 399 415 1
450 360 475 415 s
528 362 560 415 Τ
613 360 635 414 1
685 360 719 418 u
770 362 808 417 n

303 499 437 544 risun
472 499 722 547 srrcurunus.

437 642 616 651 m—

146 740 225 817 Quid
236 751 303 806 mihi
316 750 456 806 vobiscum
466 755 514 812 cst,
536 747 631 804 infelix
642 767 722 816 curo,
744 751 839 820 libelli,

182 825 292 899 ingenio
301 825 368 898 perii
378 824 425 896 qui
436 824 518 878 miser
528 823 587 895 ipse
596 824 673 880 meo‘?

145 901 200 956 Cur
210 901 289 956 modo
298 902 437 956 damnatas
448 906 550 971 repeto,
571 900 764 969 meacriminc‚
786 901 891 960 Musas?

183 975 226 1030 An
236 976 317 1030 semel
328 984 368 1031 est
377 993 490 1048 poenam
500 975 691 1032 commeruisse
699 978 819 1049 parum?

91 1062 103 1105 5
146 1049 418 1126 [Carminaieceruut‚
440 1058 470 1107 ut
479 1068 521 1104 mc
534 1067 692 1123 cognoscere
702 1053 784 1109 vellet

183 1128 272 1182 omino
283 1144 336 1180 non
348 1125 434 1181 fausto
443 1125 542 1180 semina
551 1126 647 1199 virque
656 1126 739 1204 mcc]

146 1200 270 1256 Carmina
280 1199 407 1265 iecerunt,
428 1207 459 1254 ut
468 1217 511 1254 me
520 1217 662 1274 moresque
673 1211 776 1259 notaret

183 1274 350 1346 iampridem
361 1276 449 1332 invisa
459 1274 555 1330 Caesar
564 1277 598 1331 ab
608 1277 671 1333 Arte
681 1296 766 1335 meos.

146 1353 226 1405 Deme
236 1349 303 1404 mihi
312 1351 449 1419 studium,
475 1350 891 1425 vitaequoquecrirninudemcs.

92 1438 116 1480 ru
183 1426 328 1496 Acceptum
339 1425 423 1482 celero
432 1425 566 1493 versibus,
587 1445 645 1483 esse
656 1447 766 1485 nocens.

146 1503 200 1557 lloc
210 1500 326 1572 pretium
336 1518 416 1558 curae
425 1501 654 1576 vigilatorumque
664 1503 789 1561 laborum

182 1576 317 1648 cepimus3
339 1576 590 1651 ingoniocstpoena
602 1587 705 1651 roperta
715 1598 785 1638 meo.

146 1653 174 1709 Si
184 1670 313 1726 saperem,
334 1652 423 1708 docies
432 1651 550 1709 odissem
563 1654 621 1710 iure
630 1673 743 1722 sorores,

184 1728 626 1801 numineculloriperniciosasuo.
723 1772 726 1777 .

94 1817 119 1860 15
147 1803 424 1880 Arnunopantameo
433 1805 683 1862 comesestinsania
694 1807 811 1881 morbo)

183 1898 247 1935 saxa
258 1898 359 1936 mernor
369 1880 452 1937 refero
461 1899 556 1936 rursus
566 1881 599 1936 ad
610 1881 659 1935 icta
669 1881 781 1952 pedem:

147 1953 246 2009 scilicet
255 1962 285 2007 ut
294 1955 381 2009 victus
392 1959 486 2026 repetit
494 1955 624 2029 gladiator
632 1973 756 2024 arenam3

185 2035 210 2080 et
219 2027 287 2082 redit
296 2028 325 2082 in
336 2029 452 2083 tumidas
464 2030 591 2105 naufraga
601 2030 701 2104 puppis
711 2049 807 2103 aquas.

147 2103 278 2169 Forsitan,
300 2111 329 2159 ut
340 2104 477 2178 quondam
487 2107 658 2162 Teuthrantia
667 2124 749 2180 regna
759 2109 871 2175 tenenti,

93 2189 118 2233 ru
184 2178 224 2232 sic
236 2179 304 2235 mihi
314 2197 355 2236 res
366 2179 458 2237 eadem
469 2180 570 2238 vulnus
580 2199 711 2254 opemque
721 2182 800 2238 ieret:

147 2254 287 2326 Musaque,
301 2273 384 2330 quum
394 2256 487 2323 movit,
500 2264 599 2314 motam
608 2275 716 2330 quoque
727 2257 807 2314 leniet
817 2260 894 2315 iram.

186 2330 304 2386 Exorant
313 2350 425 2409 magnos
434 2332 553 2388 carmine
564 2351 643 2405 saepe
654 2333 728 2388 deos.

148 2407 208 2477 lpse
220 2423 329 2478 quoque
339 2408 472 2465 Ausonias
483 2406 578 2464 Caesar
593 2416 745 2481 matresque
755 2426 897 2483 nurusque

185 2482 302 2536 carmina
314 2485 459 2557 turrigerae
469 2482 555 2538 dicere
564 2484 644 2539 iussit
653 2482 718 2555 Opi:

91 2565 121 2608 25
147 2555 263 2612 iusserat
274 2564 299 2611 et
308 2559 412 2615 Phoebo
422 2557 489 2620 dici;
510 2576 565 2630 quo
579 2566 694 2630 tompore
705 2558 783 2613 ludos

172 2631 246 2701 secie,
271 2652 342 2712 quos
354 2644 428 2695 aetas
438 2633 558 2709 adspicit
566 2651 626 2688 unu
633 2632 730 2686 semel.

119 2710 172 2769 His
175 2731 286 2792 precor
294 2715 438 2794 exemplis
454 2722 504 2773 tua
515 2726 605 2778 nuuc,
624 2702 899 2763 mosomensem„
