1898 2970
145 188 194 240 l8l
336 191 364 235 P.
386 187 513 236 OVIDII
532 187 700 235 NASONIS

144 292 214 360 Quid
224 289 344 356 referam,
357 289 448 355 libros,
461 288 521 346 illos
531 307 648 362 quoque,
669 288 784 346 crimina
795 299 881 359 nostre.

181 366 255 421 mille
264 365 328 421 locis
337 364 430 438 plenos
444 365 561 421 nominis
571 382 628 419 esse
640 363 698 420 tui‘l

144 442 246 514 inspice
257 440 345 496 maius
355 458 439 514 epus,
459 441 532 514 quod
548 440 636 495 adhuc
649 439 709 496 sine
722 441 884 515 linereliqui.

181 519 210 573 in
220 534 275 572 non
285 516 429 572 credendos
439 532 548 587 corpora
557 533 632 571 versa
643 515 751 586 modes3

91 607 116 650 sa
144 592 266 649 invenies
280 592 361 648 vestri
371 591 513 665 praeconia
523 591 640 646 nominis
652 590 722 649 illic:

183 668 305 724 invenies
315 666 398 722 animi
409 666 522 740 pignora
532 665 617 721 multa
627 667 690 721 mei.

145 745 204 800 Non
215 752 261 799 tua
270 743 435 799 carminibus
445 742 530 796 maior
541 742 570 795 lit
578 741 677 814 gloria,
700 759 749 797 nec
758 760 824 815 quo,

184 819 374 884 utmaicrtia't,
394 832 510 872 arescere
522 818 615 888 possit,
637 816 727 872 habet.

146 897 229 951 Fama
241 896 311 951 lovis
321 901 456 967 superest:
467 900 557 947 minen
571 892 654 957 hunc,
667 910 717 947 sua
727 891 795 948 lacta
806 891 888 948 referri

91 983 118 1026 ta
184 980 209 1026 et
218 969 393 1026 sebraterram
403 986 531 1024 carmanis
542 985 608 1033 esse
630 967 719 1022 iuvat:

146 1062 294 1119 quumque
296 1045 420 1119 Gigantei
430 1051 611 1100 memorantur
620 1041 719 1114 proelia
729 1042 804 1109 belli

185 1120 310 1175 credibile
320 1128 360 1174 est
370 1121 468 1175 laetum
480 1119 605 1175 laudibus
615 1135 673 1173 esse
683 1118 751 1173 suis.

148 1197 185 1251 Te
194 1194 327 1251 celebrant
337 1194 382 1248 alli
392 1202 494 1266 quanto
504 1194 577 1248 decet
585 1210 639 1261 cre
661 1201 776 1268 tuasque

185 1270 293 1344 ingenio
304 1269 395 1324 laudes
402 1269 526 1324 uberiore
535 1277 643 1325 canunt.

94 1358 119 1400 75
148 1346 199 1401 Sed
210 1354 308 1410 tamen,
329 1353 359 1400 ut
368 1344 429 1401 fuso
438 1352 576 1401 taurorum
586 1344 720 1420 sanguine
731 1350 848 1410 centum,

185 1421 224 1476 sie
233 1420 337 1491 capitur
346 1421 460 1476 minimo
473 1422 540 1476 turis
551 1420 649 1476 honore
659 1420 737 1476 deus.

149 1497 189 1552 Ab
204 1495 276 1551 lerus
286 1503 312 1550 et
321 1495 398 1550 nobis
413 1496 528 1550 nimium
539 1495 680 1551 crudeliter
690 1496 786 1562 hostis,

186 1570 294 1626 delicias
305 1570 368 1645 legit
378 1571 425 1642 qui
437 1571 486 1625 tibi
495 1584 604 1644 cunque
613 1572 703 1626 meas!

151 1646 279 1736 [carmina
290 1664 323 1703 ne
333 1646 430 1702 nostris
444 1647 483 1701 sic
492 1654 517 1701 te
527 1647 678 1702 venerantia
691 1645 767 1700 libris

95 1736 121 1779 ιο
187 1723 286 1780 rudrcto
295 1723 399 1796 possint
408 1721 559 1778 candidiore
569 1723 611 1776 le
593 1719 643 1797 gi]

150 1802 217 1855 Esse
227 1799 291 1855 sed
283 1807 349 1855 irato
361 1799 423 1872 quis
433 1808 457 1854 te
467 1798 533 1854 mibi
544 1806 633 1870 posset
643 1796 765 1851 amicust

188 1876 240 1929 Vix
252 1883 314 1929 tunc
324 1875 381 1946 ipse
392 1875 460 1929 mibi
470 1888 523 1930 non
536 1873 663 1928 inimicus
673 1890 757 1926 eram.

152 1951 242 2015 Quum
252 1950 338 2018 coepit
347 1957 473 2019 quassata
483 1950 579 2005 domus
599 1948 751 2015 subsidere3
775 1957 861 2019 partes

190 2023 217 2077 in
228 2021 387 2092 proclinatas
397 2040 477 2079 omne
486 2025 618 2080 recumbit
629 2041 698 2079 onus
707 2043 713 2077 ε

98 2111 123 2153 85
151 2105 301 2169 cunctaque
310 2098 428 2153 Fortuna
438 2098 534 2155 rimam
544 2099 654 2155 faciente
664 2098 816 2154 dehiscunt.

189 2174 249 2244 Ipsa
259 2192 309 2229 suo
319 2173 451 2248 quaedam
461 2175 577 2247 pondere
586 2180 666 2230 tracta
676 2183 769 2230 ιιιιιιιι.

152 2249 223 2322 Ergo
242 2249 384 2305 bominum
398 2251 552 2322 quaesitum
573 2251 665 2306 odium
684 2250 752 2305 mibi
767 2251 898 2306 carmine:

654 2344 687 2381 ua
709 2344 743 2380 ue

191 2398 293 2464 debuit,
313 2343 721 2458 estvultusturbase'cutaqtuoz.

154 2475 197 2540 dt,
219 2474 344 2541 memini,
366 2476 604 2549 vitamquemeeib
618 2482 760 2551 nidresque
769 2478 900 2551 probabas

101 2562 126 2606 ta
192 2549 247 2615 illo,
268 2564 349 2623 quem
359 2549 478 2618 dederas,
499 2553 779 2627 praetereudtlsequb.

142 2624 335 2703 [Ododsiaoa
342 2626 468 2703 prodest
481 2627 634 2686 ''elbonestl
640 2628 816 2758 {estabelis

169 2706 315 2785 redditum
335 2714 367 2768 at
378 2706 502 2770 nullum
504 2704 614 2767 crimen
629 2720 648 2759 e
665 2694 864 2776 eptdseramb

104 2898 216 2930 Α
