1898 2970
200 197 395 244 TlllSTIUM
413 198 483 243 LIll.
505 201 526 246 1.
548 202 602 245 EL.
625 203 649 245 Ἰ.
665 202 688 245 8.
770 197 816 246 lili

65 300 136 356 Orba
148 306 259 372 quarente
269 316 319 353 suo
330 298 487 371 quicunque
497 300 633 354 volurnina
644 303 740 375 longis,
847 317 872 356 :n

102 376 147 431 his
157 374 255 429 sallem
264 382 350 429 vestra
364 372 440 428 detur
450 375 477 428 in
488 376 558 429 Urbe
569 375 651 430 locus.

66 452 180 522 Quoque
190 450 278 521 magis
288 448 386 513 faveas,
408 467 461 504 uon
472 450 536 504 haee
546 459 610 504 sunl
619 451 687 506 edita
698 453 730 506 ab
743 454 795 511 illo,

103 527 151 580 sed
163 525 244 597 quasi
255 524 288 578 de
298 522 401 578 domini
411 522 504 578 funere
513 534 586 595 rapta
597 527 650 580 sui.

66 600 207 672 Quidquid
218 599 246 654 in
259 599 302 652 his
312 598 395 672 igilur
405 599 463 653 vitii
474 599 539 653 rude
552 619 656 655 carmen
669 601 784 665 habebit,

104 675 312 738 eurendaluru8‚
334 673 357 727 si
369 672 500 739 licuisset,
522 692 603 728 eram.
847 687 871 731 lo

249 849 484 906 ELuGln
550 852 641 905 l'lll·

68 966 100 1029 lu
109 970 252 1045 capulalla
263 988 345 1027 suum
356 969 478 1025 labentur
491 973 524 1026 ab
538 989 650 1043 aequore
663 980 731 1028 retro

105 1047 234 1104 flumine:
256 1045 392 1101 eonversis
401 1045 499 1118 Solque
512 1055 628 1101 reornrel
637 1050 728 1119 equis:

68 1134 135 1178 lurra
145 1122 211 1178 feret
221 1121 326 1177 stellas:
346 1120 449 1176 eoelum
461 1122 575 1177 findetur
584 1132 683 1179 aratro:

105 1197 179 1254 unda
188 1196 264 1253 dabit
274 1195 409 1251 flammas:
430 1204 455 1250 el
467 1196 540 1251 dabit
550 1198 620 1271 ignis
631 1217 728 1269 aquas:

66 1274 158 1330 omnia
169 1280 281 1328 naturae
289 1280 456 1344 praepostera
467 1271 571 1344 legibus
583 1273 673 1328 ibunt:

105 1363 224 1421 parsque
233 1364 315 1401 suum
325 1347 418 1402 mundi
431 1347 505 1401 nullu
517 1347 614 1402 tenebil
626 1349 687 1403 iler:

65 1424 159 1481 omnia
169 1424 225 1477 iam
235 1422 308 1488 fient,
330 1422 385 1477 fieri
396 1440 465 1494 quae
475 1439 552 1493 posse
563 1424 690 1497 negabam
701 1442 706 1479 ;

104 1507 130 1555 et
142 1497 212 1553 nihil
224 1506 275 1563 est,
296 1498 328 1552 de
338 1516 393 1570 quo
404 1516 456 1552 non
467 1498 502 1552 sit
511 1497 631 1552 habende
642 1500 721 1554 fides:

66 1576 132 1629 haee
141 1592 192 1648 ego
204 1573 342 1639 vaticinor,
363 1574 427 1645 qnia
437 1591 499 1628 suin
509 1573 633 1644 ‹lerrplus
644 1576 676 1627 ab
691 1576 744 1635 illo¹

106 1648 227 1704 laturum
236 1648 500 1720 miseroquenrmihi
513 1649 685 1718 rrlnroprrn.
848 1664 871 1702 ro

68 1727 188 1779 Tantane
199 1730 234 1789 te,
255 1722 345 1787 fallax,
366 1722 565 1794 oepereoblivia
577 1725 669 1787 nostri,

105 1797 291 1870 afflictumque
300 1796 351 1853 luit
361 1805 451 1852 tantus
461 1797 533 1853 adire
544 1798 632 1862 timor,

67 1885 97 1930 nt
108 1890 198 1946 neque
206 1874 360 1946 respiceres,
381 1890 429 1927 nee
439 1872 551 1929 solarere
562 1872 699 1938 iacentem,

103 1950 188 2016 dure,
208 1966 296 2021 neque
305 1948 445 2019 exsequias
456 1965 643 2020 prosequerere
652 1950 742 2004 mees‘?

65 2023 138 2081 iliud
149 2024 281 2079 amicitiae
291 2031 413 2078 sanctum
424 2041 454 2077 ac
463 2023 614 2078 venerabile
624 2043 719 2080 nomen
848 2040 870 2076 rr

106 2118 136 2155 re
147 2099 193 2154 libi
205 2116 253 2171 pro
262 2098 311 2155 vili
322 2100 374 2153 sub
384 2098 553 2171 pedibusque
562 2099 637 2155 iacet.

64 2174 140 2243 Quid
150 2173 210 2240 luit,
232 2175 333 2249 ingenti
347 2183 506 2245 prostratum
519 2174 587 2230 mole
596 2174 713 2229 sodalem

107 2250 207 2314 visere,
228 2256 254 2304 el
263 2249 373 2322 alloquii
384 2258 457 2320 parle
468 2250 553 2303 levare
564 2251 612 2314 lui,

66 2326 153 2397 inque
163 2341 235 2379 meos
245 2324 269 2379 si
281 2343 333 2379 non
346 2325 467 2379 lacrimas
478 2325 609 2378 diruillere
618 2341 704 2389 casus,

105 2416 190 2473 pauca
200 2407 289 2454 tamen
300 2400 361 2456 delo
372 2401 451 2455 verba
460 2399 548 2454 dolore
557 2400 640 2470 loqui,
845 2414 870 2455 ao

68 2474 167 2548 idque,
186 2474 261 2547 quod
271 2475 355 2549 ignoti
366 2476 480 2540 iaciunt,
501 2474 646 2528 valedicere
654 2477 757 2533 salleni.

105 2560 131 2605 et
143 2568 236 2606 vocem
246 2551 339 2623 populi
349 2551 511 2623 publiceque
520 2567 564 2605 ora
574 2549 671 2625 sequi‘?

67 2626 185 2695 denique
191 2624 319 2695 lugubres
330 2626 427 2692 rullus,
450 2645 657 2707 nunquamque
670 2632 807 2690 olonne-

94 2712 344 2764 mmwfimmo,
367 2702 436 2759 dum
448 2704 608 2783 licuitque,
629 2712 699 2769 die‘?
