1898 2970
105 180 156 227 nx
174 181 311 227 rouro
329 150 384 228 En.
404 182 473 229 nin.
488 183 531 231 ιν.
550 185 604 231 nn.
620 186 659 231 16.
706 179 755 235 379

45 284 92 359 qni
100 281 245 356 Penelopae
255 282 398 339 rescribere
408 284 487 341 iussit
496 285 602 353 Ulixen,

45 366 176 417 errantem
185 377 265 415 saevo
275 377 322 432 per
331 358 385 416 duo
396 359 479 416 lustra
489 361 572 416 mari:

45 437 195 511 iqnesuam
207 437 353 503 Troezena,
374 435 614 510 imperfectumque
623 437 727 496 dierum
785 453 809 498 rt

44 512 164 571 deseruit
171 510 248 568 celeri
259 517 344 567 morte
353 509 470 568 Sabinus
480 530 564 584 opus:

45 588 165 664 geniique
175 587 217 643 sui
228 584 316 642 dictus
325 588 484 662 cognomine
493 589 607 664 Largus,

45 664 146 722 Gallica
155 663 204 736 qni
215 662 364 751 Phrygium
375 662 453 719 duxit
465 665 494 719 in
505 683 568 721 arva
579 683 684 722 senem:

46 743 110 815 ique
124 738 195 795 canit
208 738 337 796 domitam
348 737 506 795 Camerinus
521 741 555 797 ab
565 741 677 798 Hercule
691 744 756 800 Tro-

545 835 613 886 ram3

45 891 148 966 quique
157 907 206 946 sua
217 907 314 946 nomen
324 889 448 964 Phyllide
458 891 562 948 Tuscus
573 892 665 949 hahet:
786 909 810 951 aa

46 965 170 1040 livolique
181 965 263 1021 maris
274 972 357 1032 vates,
377 965 422 1022 eui
432 966 537 1022 credere
545 985 637 1040 posses

46 1042 163 1099 carmina
175 1041 308 1098 caeruleos
318 1042 501 1114 composuisse
511 1042 587 1100 deos:

46 1119 110 1194 ique
119 1119 189 1175 acies
198 1117 312 1192 Libycas
322 1119 495 1191 Romanaque
503 1119 602 1191 proelia
613 1119 694 1189 dixit;

46 1194 190 1261 etherius,
211 1193 302 1266 scripti
312 1193 403 1249 dexter
412 1195 441 1249 in
451 1213 530 1250 omne
539 1212 635 1269 genus,

46 1271 214 1343 inaeriusque
224 1286 289 1325 suae
297 1268 435 1326 Perseidos
444 1278 544 1336 auctor,
565 1279 691 1327 etanomr
785 1284 811 1329 25

46 1345 197 1404 Tantalidae
206 1345 310 1401 reducis
320 1344 540 1419 Tyndaridosque
549 1348 658 1419 Lupus:

46 1422 88 1496 rui
100 1421 247 1478 Maeoniam
257 1418 402 1476 Phaeacida
412 1423 499 1488 vertit,
520 1429 609 1479 etuna

45 1497 199 1554 Pindaricae
209 1497 304 1553 fidicen
314 1504 344 1553 tu
353 1514 476 1571 quoque,
497 1498 579 1565 Rufe,
601 1498 688 1574 lyrae:

46 1590 142 1647 reaque
151 1573 265 1629 Turrani
277 1573 384 1648 tragicis
395 1573 489 1630 innixa
498 1575 650 1631 cothurnis:

46 1657 70 1705 et
80 1657 125 1705 tua
135 1667 197 1705 oum
207 1665 284 1705 socco
293 1650 384 1715 Musa,
406 1648 527 1714 Melisse,
548 1648 630 1706 levis:
785 1664 809 1707 aa

47 1724 753 1800 umVarusGracchusquedarentleradiotatyrannis3

46 1800 201 1860 Callimachi
210 1799 339 1856 Proculus
350 1798 429 1854 molle
439 1805 539 1854 teneret
548 1800 611 1854 iter:

46 1895 117 1954 urus
127 1877 250 1950 antiquas
260 1883 285 1931 et
295 1883 349 1930 erat
358 1876 406 1947 qui
416 1881 535 1946 pasceret
544 1875 650 1942 herbas,

46 1961 160 2027 aptaque
169 1953 275 2007 venanti
287 1951 395 2008 Gratius
405 1968 478 2006 arma
487 1949 573 2019 daret3

46 2027 249 2103 ‘idasaSatyris
259 2033 363 2084 caneret
372 2028 508 2083 Fontanus
518 2037 629 2093 amatas,
785 2041 811 2086 35

46 2104 179 2162 clauderet
188 2103 338 2176 imparibus
348 2103 428 2158 verba
440 2102 547 2176 Capella
558 2102 659 2170 modis3

47 2198 148 2255 umque
159 2179 243 2235 forent
253 2176 313 2245 alii,
334 2196 450 2251 quorum
459 2179 527 2234 mihi
536 2185 631 2236 cuncta
642 2177 736 2236 relerre

46 2257 155 2315 nomina
166 2255 244 2329 longa
256 2272 329 2310 mora
341 2261 396 2321 est,
416 2255 534 2311 earmina
546 2253 646 2329 vulgus
656 2255 748 2312 habet:

47 2343 97 2392 rent
108 2341 134 2390 et
142 2333 263 2398 iuvenes,
284 2348 401 2404 quorum
410 2330 482 2403 qnod
494 2331 593 2387 inedita
602 2349 665 2386 cura
676 2340 724 2397 est,

47 2408 265 2484 appellandorum
276 2405 315 2463 nil
325 2406 392 2462 mihi
401 2405 468 2462 iuris
479 2406 566 2476 adest;
785 2416 810 2464 lo

52 2494 141 2543 tamen
152 2486 180 2541 in
190 2483 270 2541 turba
281 2501 334 2540 non
344 2482 446 2547 ausim,
468 2481 556 2550 Cotta,
577 2481 669 2553 silere;

46 2562 182 2619 Pieridum
193 2559 295 2626 lumen,
314 2557 537 2634 praesidiumque
543 2556 615 2637 lori,

47 2646 135 2691 ternos
147 2636 236 2692 Cottas
244 2634 291 2691 cui
302 2635 493 2713 Messalasque
503 2645 640 2714 paternos

47 2708 146 2771 tarinae
156 2709 288 2773 nobilitas
298 2714 482 2794 ingeminata
491 2715 606 2798 dedita}
