<?xml version="1.0" encoding="UTF-8"?>
<!DOCTYPE html PUBLIC "-//W3C//DTD XHTML 1.0 Transitional//EN"
    "http://www.w3.org/TR/xhtml1/DTD/xhtml1-transitional.dtd">
<html xmlns="http://www.w3.org/1999/xhtml" xml:lang="en" lang="en">
 <head>
  <title>
</title>
<meta http-equiv="Content-Type" content="text/html;charset=utf-8" />
  <meta name='ocr-system' content='tesseract 3.04.00' />
  <meta name='ocr-capabilities' content='ocr_page ocr_carea ocr_par ocr_line ocrx_word'/>
</head>
<body>
  <div class='ocr_page' id='page_1' title='image "./operaomnia00ovidgoog_0253.png"; bbox 0 0 1898 2970; ppageno 0'>
   <div class='ocr_carea' id='block_1_1' title="bbox 142 174 743 262">
    <p class='ocr_par' dir='ltr' id='par_1_1' title="bbox 142 174 743 262">
     <span class='ocr_line' id='line_1_1' title="bbox 142 174 743 262; baseline -0.012 0"><span class='ocrx_word' id='word_1_1' title='bbox 142 205 192 262; x_wconf 68' lang='lat'>212</span> <span class='ocrx_word' id='word_1_2' title='bbox 327 209 355 255; x_wconf 80' lang='lat' dir='ltr'>a.</span> <span class='ocrx_word' id='word_1_3' title='bbox 377 207 697 256; x_wconf 80' lang='lat' dir='ltr'>ov1n11uaaonus</span> <span class='ocrx_word' id='word_1_4' title='bbox 737 174 743 183; x_wconf 71' lang='grc'><strong>’</strong></span> 
     </span>
    </p>
   </div>
   <div class='ocr_carea' id='block_1_2' title="bbox 54 309 818 2588">
    <p class='ocr_par' dir='ltr' id='par_1_2' title="bbox 54 309 818 2588">
     <span class='ocr_line' id='line_1_2' title="bbox 178 309 811 388; baseline 0.005 -22"><span class='ocrx_word' id='word_1_5' title='bbox 178 310 255 388; x_wconf 84' lang='lat' dir='ltr'>pouit</span> <span class='ocrx_word' id='word_1_6' title='bbox 264 309 297 366; x_wconf 89' lang='lat' dir='ltr'>ad</span> <span class='ocrx_word' id='word_1_7' title='bbox 307 311 453 386; x_wconf 79' lang='lat' dir='ltr'>antiquos,&#39;</span> <span class='ocrx_word' id='word_1_8' title='bbox 463 328 533 386; x_wconf 85' lang='lat' dir='ltr'>quaa</span> <span class='ocrx_word' id='word_1_9' title='bbox 542 309 613 379; x_wconf 85' lang='lat' dir='ltr'>tulit,</span> <span class='ocrx_word' id='word_1_10' title='bbox 634 328 708 367; x_wconf 87' lang='lat' dir='ltr'>arma</span> <span class='ocrx_word' id='word_1_11' title='bbox 720 312 811 369; x_wconf 78' lang='lat' dir='ltr'>Lares.</span> 
     </span>
     <span class='ocr_line' id='line_1_3' title="bbox 142 387 734 462; baseline -0.002 -18"><span class='ocrx_word' id='word_1_12' title='bbox 142 387 187 444; x_wconf 86' lang='lat' dir='ltr'>Sia</span> <span class='ocrx_word' id='word_1_13' title='bbox 194 387 287 462; x_wconf 81' lang='lat' dir='ltr'>igitur,</span> <span class='ocrx_word' id='word_1_14' title='bbox 308 387 382 443; x_wconf 81' lang='lat' dir='ltr'>tarda</span> <span class='ocrx_word' id='word_1_15' title='bbox 393 388 462 445; x_wconf 74' lang='lat' dir='ltr'>uitae</span> <span class='ocrx_word' id='word_1_16' title='bbox 471 388 609 444; x_wconf 72' lang='lat' dir='ltr'>minuente</span> <span class='ocrx_word' id='word_1_17' title='bbox 619 395 734 454; x_wconf 75' lang='lat' dir='ltr'>senecta,</span> 
     </span>
     <span class='ocr_line' id='line_1_4' title="bbox 181 461 807 537; baseline 0.005 -19"><span class='ocrx_word' id='word_1_18' title='bbox 181 461 514 537; x_wconf 84' lang='lat' dir='ltr'>maquoquedonari’iam</span> <span class='ocrx_word' id='word_1_19' title='bbox 524 463 601 531; x_wconf 88' lang='lat' dir='ltr'>rude,</span> <span class='ocrx_word' id='word_1_20' title='bbox 622 471 807 536; x_wconf 60' lang='lat' dir='ltr'>tempnunt,</span> 
     </span>
     <span class='ocr_line' id='line_1_5' title="bbox 89 539 818 616; baseline 0 -19"><span class='ocrx_word' id='word_1_21' title='bbox 89 553 114 598; x_wconf 77' lang='lat'>25</span> <span class='ocrx_word' id='word_1_22' title='bbox 144 548 251 614; x_wconf 75' lang='lat' dir='ltr'>tempus</span> <span class='ocrx_word' id='word_1_23' title='bbox 260 547 317 596; x_wconf 85' lang='lat' dir='ltr'>erat</span> <span class='ocrx_word' id='word_1_24' title='bbox 326 556 375 596; x_wconf 83' lang='lat' dir='ltr'>neo</span> <span class='ocrx_word' id='word_1_25' title='bbox 384 557 428 597; x_wconf 89' lang='lat' dir='ltr'>ma</span> <span class='ocrx_word' id='word_1_26' title='bbox 437 539 611 616; x_wconf 77' lang='lat' dir='ltr'>peragrinum</span> <span class='ocrx_word' id='word_1_27' title='bbox 621 539 719 596; x_wconf 80' lang='lat' dir='ltr'>duoero</span> <span class='ocrx_word' id='word_1_28' title='bbox 729 541 818 597; x_wconf 81' lang='lat' dir='ltr'>coelur</span> 
     </span>
     <span class='ocr_line' id='line_1_6' title="bbox 183 614 719 674; baseline -0.002 -1"><span class='ocrx_word' id='word_1_29' title='bbox 183 616 337 674; x_wconf 84' lang='lat' dir='ltr'>naoaieoam</span> <span class='ocrx_word' id='word_1_30' title='bbox 349 615 441 672; x_wconf 82' lang='lat' dir='ltr'>Getico</span> <span class='ocrx_word' id='word_1_31' title='bbox 451 614 523 672; x_wconf 83' lang='lat' dir='ltr'>fonte</span> <span class='ocrx_word' id='word_1_32' title='bbox 532 615 619 672; x_wconf 84' lang='lat' dir='ltr'>levare</span> <span class='ocrx_word' id='word_1_33' title='bbox 628 615 719 672; x_wconf 80' lang='lat' dir='ltr'>sitim:</span> 
     </span>
     <span class='ocr_line' id='line_1_7' title="bbox 144 690 818 764; baseline 0.003 -16"><span class='ocrx_word' id='word_1_34' title='bbox 144 692 192 749; x_wconf 87' lang='lat' dir='ltr'>aed</span> <span class='ocrx_word' id='word_1_35' title='bbox 201 691 293 761; x_wconf 72' lang='lat' dir='ltr'>modor</span> <span class='ocrx_word' id='word_1_36' title='bbox 310 708 379 764; x_wconf 84' lang='lat' dir='ltr'>quoa</span> <span class='ocrx_word' id='word_1_37' title='bbox 389 690 488 757; x_wconf 85' lang='lat' dir='ltr'>habui,</span> <span class='ocrx_word' id='word_1_38' title='bbox 509 708 608 748; x_wconf 84' lang='lat' dir='ltr'>vacuos</span> <span class='ocrx_word' id='word_1_39' title='bbox 619 690 741 747; x_wconf 85' lang='lat' dir='ltr'>sooedera</span> <span class='ocrx_word' id='word_1_40' title='bbox 751 693 779 748; x_wconf 91' lang='lat' dir='ltr'>in</span> <span class='ocrx_word' id='word_1_41' title='bbox 791 694 818 750; x_wconf 84' lang='lat' dir='ltr'>lu</span> 
     </span>
     <span class='ocr_line' id='line_1_8' title="bbox 183 766 782 825; baseline -0.002 0"><span class='ocrx_word' id='word_1_42' title='bbox 183 785 257 825; x_wconf 87' lang='lat' dir='ltr'>nuno</span> <span class='ocrx_word' id='word_1_43' title='bbox 265 768 407 824; x_wconf 88' lang='lat' dir='ltr'>hominum</span> <span class='ocrx_word' id='word_1_44' title='bbox 418 766 480 822; x_wconf 89' lang='lat' dir='ltr'>visu</span> <span class='ocrx_word' id='word_1_45' title='bbox 495 784 590 823; x_wconf 82' lang='lat' dir='ltr'>rursus</span> <span class='ocrx_word' id='word_1_46' title='bbox 600 774 626 821; x_wconf 83' lang='lat' dir='ltr'>el</span> <span class='ocrx_word' id='word_1_47' title='bbox 635 766 706 822; x_wconf 84' lang='lat' dir='ltr'>Urba</span> <span class='ocrx_word' id='word_1_48' title='bbox 716 766 782 824; x_wconf 83' lang='lat' dir='ltr'>frui.</span> 
     </span>
     <span class='ocr_line' id='line_1_9' title="bbox 145 841 782 918; baseline 0 -18"><span class='ocrx_word' id='word_1_49' title='bbox 145 843 189 900; x_wconf 85' lang='lat' dir='ltr'>Sic</span> <span class='ocrx_word' id='word_1_50' title='bbox 199 845 290 901; x_wconf 89' lang='lat' dir='ltr'>animo</span> <span class='ocrx_word' id='word_1_51' title='bbox 299 842 446 918; x_wconf 81' lang='lat' dir='ltr'>quondam,</span> <span class='ocrx_word' id='word_1_52' title='bbox 468 861 522 899; x_wconf 93' lang='lat' dir='ltr'>non</span> <span class='ocrx_word' id='word_1_53' title='bbox 531 843 670 899; x_wconf 82' lang='lat' dir='ltr'>divinante</span> <span class='ocrx_word' id='word_1_54' title='bbox 680 841 782 911; x_wconf 88' lang='lat' dir='ltr'>lutura,</span> 
     </span>
     <span class='ocr_line' id='line_1_10' title="bbox 91 917 710 994; baseline -0.006 -16"><span class='ocrx_word' id='word_1_55' title='bbox 91 933 117 978; x_wconf 79' lang='lat' dir='ltr'>ao</span> <span class='ocrx_word' id='word_1_56' title='bbox 183 920 308 993; x_wconf 78' lang='lat' dir='ltr'>optabam</span> <span class='ocrx_word' id='word_1_57' title='bbox 317 917 421 994; x_wconf 83' lang='lat' dir='ltr'>placida</span> <span class='ocrx_word' id='word_1_58' title='bbox 431 919 521 975; x_wconf 84' lang='lat' dir='ltr'>vivona</span> <span class='ocrx_word' id='word_1_59' title='bbox 529 935 608 992; x_wconf 81' lang='lat' dir='ltr'>posse</span> <span class='ocrx_word' id='word_1_60' title='bbox 617 935 710 975; x_wconf 80' lang='lat' dir='ltr'>sonex.</span> 
     </span>
     <span class='ocr_line' id='line_1_11' title="bbox 146 993 818 1071; baseline -0.001 -18"><span class='ocrx_word' id='word_1_61' title='bbox 146 997 209 1053; x_wconf 78' lang='lat' dir='ltr'>Fata</span> <span class='ocrx_word' id='word_1_62' title='bbox 220 1003 504 1071; x_wconf 59' lang='lat' dir='ltr'>repugnarunhquaa,</span> <span class='ocrx_word' id='word_1_63' title='bbox 511 1011 596 1067; x_wconf 87' lang='lat' dir='ltr'>quum</span> <span class='ocrx_word' id='word_1_64' title='bbox 602 993 671 1050; x_wconf 90' lang='lat' dir='ltr'>mihi</span> <span class='ocrx_word' id='word_1_65' title='bbox 682 1004 801 1070; x_wconf 77' lang='lat' dir='ltr'>tempora</span> <span class='ocrx_word' id='word_1_66' title='bbox 812 1017 818 1071; x_wconf 81' lang='lat'>1</span> 
     </span>
     <span class='ocr_line' id='line_1_12' title="bbox 184 1070 774 1200; baseline 0.005 -74"><span class='ocrx_word' id='word_1_67' title='bbox 184 1071 275 1127; x_wconf 90' lang='lat' dir='ltr'>mollia</span> <span class='ocrx_word' id='word_1_68' title='bbox 286 1071 467 1144; x_wconf 81' lang='lat' dir='ltr'>praebuerint,</span> <span class='ocrx_word' id='word_1_69' title='bbox 487 1070 632 1144; x_wconf 81' lang='lat' dir='ltr'>posteriora</span> <span class='ocrx_word' id='word_1_70' title='bbox 641 1081 774 1200; x_wconf 42' lang='lat' dir='ltr'>§ravenn</span> 
     </span>
     <span class='ocr_line' id='line_1_13' title="bbox 149 1145 815 1221; baseline 0.003 -19"><span class='ocrx_word' id='word_1_71' title='bbox 149 1148 266 1220; x_wconf 84' lang='lat' dir='ltr'>iamque,</span> <span class='ocrx_word' id='word_1_72' title='bbox 288 1146 380 1204; x_wconf 81' lang='lat' dir='ltr'>denam</span> <span class='ocrx_word' id='word_1_73' title='bbox 391 1146 483 1202; x_wconf 73' lang='lat' dir='ltr'>lustris</span> <span class='ocrx_word' id='word_1_74' title='bbox 494 1145 566 1203; x_wconf 89' lang='lat' dir='ltr'>omni</span> <span class='ocrx_word' id='word_1_75' title='bbox 578 1146 637 1202; x_wconf 83' lang='lat' dir='ltr'>aino</span> <span class='ocrx_word' id='word_1_76' title='bbox 657 1147 707 1203; x_wconf 88' lang='lat' dir='ltr'>abe</span> <span class='ocrx_word' id='word_1_77' title='bbox 716 1149 815 1221; x_wconf 80' lang='lat' dir='ltr'>peracti</span> 
     </span>
     <span class='ocr_line' id='line_1_14' title="bbox 54 1222 687 1297; baseline 0.002 -20"><span class='ocrx_word' id='word_1_78' title='bbox 54 1289 57 1297; x_wconf 26' lang='lat'><strong><em>¹</em></strong></span> <span class='ocrx_word' id='word_1_79' title='bbox 184 1222 687 1296; x_wconf 82' lang='lat' dir='ltr'>partepremorvitaedeterioremeae:</span> 
     </span>
     <span class='ocr_line' id='line_1_15' title="bbox 93 1297 818 1371; baseline 0 -15"><span class='ocrx_word' id='word_1_80' title='bbox 93 1311 119 1356; x_wconf 73' lang='lat'>³5</span> <span class='ocrx_word' id='word_1_81' title='bbox 148 1316 196 1354; x_wconf 87' lang='lat' dir='ltr'>neo</span> <span class='ocrx_word' id='word_1_82' title='bbox 204 1297 298 1371; x_wconf 82' lang='lat' dir='ltr'>procul</span> <span class='ocrx_word' id='word_1_83' title='bbox 309 1316 323 1355; x_wconf 92' lang='lat' dir='ltr'>a</span> <span class='ocrx_word' id='word_1_84' title='bbox 334 1300 422 1366; x_wconf 80' lang='lat' dir='ltr'>metio,</span> <span class='ocrx_word' id='word_1_85' title='bbox 443 1315 512 1371; x_wconf 87' lang='lat' dir='ltr'>quaa</span> <span class='ocrx_word' id='word_1_86' title='bbox 522 1315 607 1371; x_wconf 88' lang='lat' dir='ltr'>paene</span> <span class='ocrx_word' id='word_1_87' title='bbox 616 1306 705 1354; x_wconf 84' lang='lat' dir='ltr'>tenera</span> <span class='ocrx_word' id='word_1_88' title='bbox 715 1298 818 1356; x_wconf 79' lang='lat' dir='ltr'>videbai</span> 
     </span>
     <span class='ocr_line' id='line_1_16' title="bbox 184 1373 718 1449; baseline 0.002 -20"><span class='ocrx_word' id='word_1_89' title='bbox 184 1373 318 1430; x_wconf 80' lang='lat' dir='ltr'>curriculo</span> <span class='ocrx_word' id='word_1_90' title='bbox 327 1377 418 1449; x_wconf 85' lang='lat' dir='ltr'>gravis</span> <span class='ocrx_word' id='word_1_91' title='bbox 431 1383 472 1430; x_wconf 84' lang='lat' dir='ltr'>est</span> <span class='ocrx_word' id='word_1_92' title='bbox 480 1374 547 1431; x_wconf 84' lang='lat' dir='ltr'>faeta</span> <span class='ocrx_word' id='word_1_93' title='bbox 557 1374 636 1430; x_wconf 87' lang='lat' dir='ltr'>ruina</span> <span class='ocrx_word' id='word_1_94' title='bbox 648 1392 718 1431; x_wconf 88' lang='lat' dir='ltr'>meo.</span> 
     </span>
     <span class='ocr_line' id='line_1_17' title="bbox 148 1448 724 1526; baseline -0.003 -20"><span class='ocrx_word' id='word_1_95' title='bbox 148 1451 218 1525; x_wconf 81' lang='lat' dir='ltr'>Ergo</span> <span class='ocrx_word' id='word_1_96' title='bbox 228 1448 305 1504; x_wconf 90' lang='lat' dir='ltr'>illum</span> <span class='ocrx_word' id='word_1_97' title='bbox 316 1449 426 1506; x_wconf 87' lang='lat' dir='ltr'>demens</span> <span class='ocrx_word' id='word_1_98' title='bbox 437 1452 465 1507; x_wconf 90' lang='lat' dir='ltr'>in</span> <span class='ocrx_word' id='word_1_99' title='bbox 477 1469 519 1506; x_wconf 89' lang='lat' dir='ltr'>me</span> <span class='ocrx_word' id='word_1_100' title='bbox 528 1450 630 1506; x_wconf 87' lang='lat' dir='ltr'>saevire</span> <span class='ocrx_word' id='word_1_101' title='bbox 639 1451 724 1526; x_wconf 64' lang='lat' dir='ltr'>adigi,</span> 
     </span>
     <span class='ocr_line' id='line_1_18' title="bbox 186 1525 776 1600; baseline 0 -18"><span class='ocrx_word' id='word_1_102' title='bbox 186 1526 279 1582; x_wconf 84' lang='lat' dir='ltr'>milius</span> <span class='ocrx_word' id='word_1_103' title='bbox 290 1526 441 1582; x_wconf 81' lang='lat' dir='ltr'>immensus</span> <span class='ocrx_word' id='word_1_104' title='bbox 451 1545 507 1600; x_wconf 93' lang='lat' dir='ltr'>quo</span> <span class='ocrx_word' id='word_1_105' title='bbox 516 1525 584 1581; x_wconf 94' lang='lat' dir='ltr'>nihil</span> <span class='ocrx_word' id='word_1_106' title='bbox 595 1527 668 1582; x_wconf 82' lang='lat' dir='ltr'>orbis</span> <span class='ocrx_word' id='word_1_107' title='bbox 680 1525 776 1582; x_wconf 62' lang='lat' dir='ltr'>habeti</span> 
     </span>
     <span class='ocr_line' id='line_1_19' title="bbox 148 1600 776 1678; baseline -0.003 -18"><span class='ocrx_word' id='word_1_108' title='bbox 148 1605 155 1659; x_wconf 93' lang='lat' dir='ltr'>i</span> <span class='ocrx_word' id='word_1_109' title='bbox 158 1620 261 1678; x_wconf 85' lang='lat' dir='ltr'>psaque</span> <span class='ocrx_word' id='word_1_110' title='bbox 271 1600 374 1658; x_wconf 80' lang='lat' dir='ltr'>delictis</span> <span class='ocrx_word' id='word_1_111' title='bbox 384 1602 454 1659; x_wconf 80' lang='lat' dir='ltr'>vicu</span> <span class='ocrx_word' id='word_1_112' title='bbox 462 1609 503 1658; x_wconf 83' lang='lat' dir='ltr'>est</span> <span class='ocrx_word' id='word_1_113' title='bbox 511 1601 651 1657; x_wconf 76' lang='lat' dir='ltr'>clementia</span> <span class='ocrx_word' id='word_1_114' title='bbox 662 1602 776 1658; x_wconf 77' lang='lat' dir='ltr'>nostris:</span> 
     </span>
     <span class='ocr_line' id='line_1_20' title="bbox 94 1677 676 1737; baseline -0.002 -3"><span class='ocrx_word' id='word_1_115' title='bbox 94 1689 119 1735; x_wconf 84' lang='lat' dir='ltr'>lo</span> <span class='ocrx_word' id='word_1_116' title='bbox 186 1697 234 1737; x_wconf 87' lang='lat' dir='ltr'>nec</span> <span class='ocrx_word' id='word_1_117' title='bbox 244 1687 332 1735; x_wconf 79' lang='lat' dir='ltr'>lamen</span> <span class='ocrx_word' id='word_1_118' title='bbox 341 1677 424 1735; x_wconf 84' lang='lat' dir='ltr'>errori</span> <span class='ocrx_word' id='word_1_119' title='bbox 435 1677 488 1734; x_wconf 82' lang='lat' dir='ltr'>vita</span> <span class='ocrx_word' id='word_1_120' title='bbox 500 1695 532 1733; x_wconf 89' lang='lat' dir='ltr'>ue</span> <span class='ocrx_word' id='word_1_121' title='bbox 569 1685 676 1734; x_wconf 72' lang='lat' dir='ltr'>tameo:</span> 
     </span>
     <span class='ocr_line' id='line_1_21' title="bbox 151 1753 786 1830; baseline -0.003 -18"><span class='ocrx_word' id='word_1_122' title='bbox 151 1757 203 1812; x_wconf 87' lang='lat' dir='ltr'>vita</span> <span class='ocrx_word' id='word_1_123' title='bbox 213 1754 305 1830; x_wconf 84' lang='lat' dir='ltr'>procul</span> <span class='ocrx_word' id='word_1_124' title='bbox 318 1755 403 1829; x_wconf 83' lang='lat' dir='ltr'>patria</span> <span class='ocrx_word' id='word_1_125' title='bbox 412 1771 527 1830; x_wconf 80' lang='lat' dir='ltr'>paragen</span> <span class='ocrx_word' id='word_1_126' title='bbox 547 1754 624 1809; x_wconf 81' lang='lat' dir='ltr'>asub</span> <span class='ocrx_word' id='word_1_127' title='bbox 634 1770 683 1809; x_wconf 83' lang='lat' dir='ltr'>axe</span> <span class='ocrx_word' id='word_1_128' title='bbox 693 1753 786 1823; x_wconf 82' lang='lat' dir='ltr'>Boreo,</span> 
     </span>
     <span class='ocr_line' id='line_1_22' title="bbox 187 1829 727 1906; baseline -0.006 -18"><span class='ocrx_word' id='word_1_129' title='bbox 187 1851 241 1906; x_wconf 91' lang='lat' dir='ltr'>qua</span> <span class='ocrx_word' id='word_1_130' title='bbox 251 1832 333 1888; x_wconf 85' lang='lat' dir='ltr'>maria</span> <span class='ocrx_word' id='word_1_131' title='bbox 342 1832 443 1888; x_wconf 83' lang='lat' dir='ltr'>Euxini</span> <span class='ocrx_word' id='word_1_132' title='bbox 454 1839 522 1886; x_wconf 81' lang='lat' dir='ltr'>terra</span> <span class='ocrx_word' id='word_1_133' title='bbox 532 1829 640 1886; x_wconf 79' lang='lat' dir='ltr'>sinistra</span> <span class='ocrx_word' id='word_1_134' title='bbox 650 1829 727 1885; x_wconf 84' lang='lat' dir='ltr'>iacet.</span> 
     </span>
     <span class='ocr_line' id='line_1_23' title="bbox 149 1905 776 1981; baseline 0.003 -19"><span class='ocrx_word' id='word_1_135' title='bbox 149 1909 203 1963; x_wconf 89' lang='lat' dir='ltr'>lloo</span> <span class='ocrx_word' id='word_1_136' title='bbox 213 1909 280 1962; x_wconf 89' lang='lat' dir='ltr'>mihi</span> <span class='ocrx_word' id='word_1_137' title='bbox 288 1908 311 1962; x_wconf 89' lang='lat' dir='ltr'>si</span> <span class='ocrx_word' id='word_1_138' title='bbox 322 1908 417 1981; x_wconf 81' lang='lat' dir='ltr'>Delphi</span> <span class='ocrx_word' id='word_1_139' title='bbox 427 1907 589 1980; x_wconf 83' lang='lat' dir='ltr'>Dodonaque</span> <span class='ocrx_word' id='word_1_140' title='bbox 597 1906 696 1962; x_wconf 82' lang='lat' dir='ltr'>dioeret</span> <span class='ocrx_word' id='word_1_141' title='bbox 705 1905 776 1978; x_wconf 85' lang='lat' dir='ltr'>ipsa,</span> 
     </span>
     <span class='ocr_line' id='line_1_24' title="bbox 186 1980 720 2056; baseline 0 -18"><span class='ocrx_word' id='word_1_142' title='bbox 186 2002 244 2039; x_wconf 83' lang='lat' dir='ltr'>asse</span> <span class='ocrx_word' id='word_1_143' title='bbox 254 1983 407 2040; x_wconf 82' lang='lat' dir='ltr'>viderentur</span> <span class='ocrx_word' id='word_1_144' title='bbox 416 2001 504 2040; x_wconf 84' lang='lat' dir='ltr'>vanus</span> <span class='ocrx_word' id='word_1_145' title='bbox 514 1991 626 2056; x_wconf 86' lang='lat' dir='ltr'>uterque</span> <span class='ocrx_word' id='word_1_146' title='bbox 635 1980 720 2039; x_wconf 82' lang='lat' dir='ltr'>looua.</span> 
     </span>
     <span class='ocr_line' id='line_1_25' title="bbox 94 2056 818 2133; baseline 0.004 -22"><span class='ocrx_word' id='word_1_147' title='bbox 94 2065 119 2111; x_wconf 78' lang='lat'>45</span> <span class='ocrx_word' id='word_1_148' title='bbox 149 2059 191 2113; x_wconf 93' lang='lat' dir='ltr'>Nil</span> <span class='ocrx_word' id='word_1_149' title='bbox 203 2060 267 2116; x_wconf 87' lang='lat' dir='ltr'>adeo</span> <span class='ocrx_word' id='word_1_150' title='bbox 276 2059 396 2116; x_wconf 86' lang='lat' dir='ltr'>validum</span> <span class='ocrx_word' id='word_1_151' title='bbox 409 2068 458 2127; x_wconf 82' lang='lat' dir='ltr'>eat,</span> <span class='ocrx_word' id='word_1_152' title='bbox 479 2060 588 2115; x_wconf 86' lang='lat' dir='ltr'>adamas</span> <span class='ocrx_word' id='word_1_153' title='bbox 599 2058 659 2114; x_wconf 82' lang='lat' dir='ltr'>lioal</span> <span class='ocrx_word' id='word_1_154' title='bbox 669 2056 762 2133; x_wconf 76' lang='lat' dir='ltr'>alliget</span> <span class='ocrx_word' id='word_1_155' title='bbox 771 2056 818 2114; x_wconf 90' lang='lat' dir='ltr'>illu</span> 
     </span>
     <span class='ocr_line' id='line_1_26' title="bbox 187 2135 716 2210; baseline -0.004 -19"><span class='ocrx_word' id='word_1_156' title='bbox 187 2143 217 2191; x_wconf 86' lang='lat' dir='ltr'>ut</span> <span class='ocrx_word' id='word_1_157' title='bbox 227 2144 333 2192; x_wconf 83' lang='lat' dir='ltr'>maneat</span> <span class='ocrx_word' id='word_1_158' title='bbox 342 2135 435 2210; x_wconf 90' lang='lat' dir='ltr'>rapido</span> <span class='ocrx_word' id='word_1_159' title='bbox 445 2136 550 2192; x_wconf 81' lang='lat' dir='ltr'>firmius</span> <span class='ocrx_word' id='word_1_160' title='bbox 563 2136 626 2210; x_wconf 80' lang='lat' dir='ltr'>igue</span> <span class='ocrx_word' id='word_1_161' title='bbox 635 2135 716 2191; x_wconf 84' lang='lat' dir='ltr'>lovis.</span> 
     </span>
     <span class='ocr_line' id='line_1_27' title="bbox 149 2209 815 2286; baseline -0.003 -19"><span class='ocrx_word' id='word_1_162' title='bbox 149 2210 193 2267; x_wconf 93' lang='lat' dir='ltr'>Nil</span> <span class='ocrx_word' id='word_1_163' title='bbox 203 2212 239 2268; x_wconf 86' lang='lat' dir='ltr'>ita</span> <span class='ocrx_word' id='word_1_164' title='bbox 248 2211 365 2268; x_wconf 86' lang='lat' dir='ltr'>sublime</span> <span class='ocrx_word' id='word_1_165' title='bbox 375 2219 423 2279; x_wconf 82' lang='lat' dir='ltr'>est,</span> <span class='ocrx_word' id='word_1_166' title='bbox 444 2229 580 2286; x_wconf 84' lang='lat' dir='ltr'>supraque</span> <span class='ocrx_word' id='word_1_167' title='bbox 589 2209 708 2286; x_wconf 84' lang='lat' dir='ltr'>pericula</span> <span class='ocrx_word' id='word_1_168' title='bbox 718 2209 815 2278; x_wconf 82' lang='lat' dir='ltr'>tendit,</span> 
     </span>
     <span class='ocr_line' id='line_1_28' title="bbox 188 2285 754 2362; baseline 0 -20"><span class='ocrx_word' id='word_1_169' title='bbox 188 2304 241 2343; x_wconf 92' lang='lat' dir='ltr'>non</span> <span class='ocrx_word' id='word_1_170' title='bbox 252 2288 288 2342; x_wconf 90' lang='lat' dir='ltr'>sit</span> <span class='ocrx_word' id='word_1_171' title='bbox 297 2296 327 2343; x_wconf 81' lang='lat' dir='ltr'>ul</span> <span class='ocrx_word' id='word_1_172' title='bbox 336 2286 448 2344; x_wconf 83' lang='lat' dir='ltr'>inferius</span> <span class='ocrx_word' id='word_1_173' title='bbox 459 2289 685 2362; x_wconf 80' lang='lat' dir='ltr'>suppositumque</span> <span class='ocrx_word' id='word_1_174' title='bbox 694 2285 754 2342; x_wconf 93' lang='lat' dir='ltr'>deo.</span> 
     </span>
     <span class='ocr_line' id='line_1_29' title="bbox 149 2361 818 2438; baseline 0 -20"><span class='ocrx_word' id='word_1_175' title='bbox 149 2362 216 2418; x_wconf 88' lang='lat' dir='ltr'>Nam</span> <span class='ocrx_word' id='word_1_176' title='bbox 228 2379 394 2438; x_wconf 89' lang='lat' dir='ltr'>quamquam</span> <span class='ocrx_word' id='word_1_177' title='bbox 409 2363 474 2420; x_wconf 83' lang='lat' dir='ltr'>vitio</span> <span class='ocrx_word' id='word_1_178' title='bbox 489 2381 551 2437; x_wconf 83' lang='lat' dir='ltr'>pars</span> <span class='ocrx_word' id='word_1_179' title='bbox 562 2372 601 2419; x_wconf 80' lang='lat' dir='ltr'>est</span> <span class='ocrx_word' id='word_1_180' title='bbox 611 2369 745 2420; x_wconf 81' lang='lat' dir='ltr'>eontracta</span> <span class='ocrx_word' id='word_1_181' title='bbox 755 2361 818 2418; x_wconf 72' lang='lat' dir='ltr'>mal«</span> 
     </span>
     <span class='ocr_line' id='line_1_30' title="bbox 97 2435 709 2510; baseline 0.008 -22"><span class='ocrx_word' id='word_1_182' title='bbox 97 2446 121 2489; x_wconf 78' lang='lat' dir='ltr'>su</span> <span class='ocrx_word' id='word_1_183' title='bbox 187 2435 250 2510; x_wconf 90' lang='lat' dir='ltr'>plus</span> <span class='ocrx_word' id='word_1_184' title='bbox 260 2446 349 2497; x_wconf 81' lang='lat' dir='ltr'>tamen</span> <span class='ocrx_word' id='word_1_185' title='bbox 359 2439 433 2496; x_wconf 82' lang='lat' dir='ltr'>exitii</span> <span class='ocrx_word' id='word_1_186' title='bbox 444 2440 566 2496; x_wconf 86' lang='lat' dir='ltr'>numinis</span> <span class='ocrx_word' id='word_1_187' title='bbox 578 2440 617 2495; x_wconf 84' lang='lat' dir='ltr'>ira</span> <span class='ocrx_word' id='word_1_188' title='bbox 626 2437 709 2495; x_wconf 83' lang='lat' dir='ltr'>dedit.</span> 
     </span>
     <span class='ocr_line' id='line_1_31' title="bbox 150 2512 802 2588; baseline 0.005 -20"><span class='ocrx_word' id='word_1_189' title='bbox 150 2512 184 2569; x_wconf 77' lang='lat' dir='ltr'>lt</span> <span class='ocrx_word' id='word_1_190' title='bbox 193 2530 241 2570; x_wconf 85' lang='lat' dir='ltr'>vos</span> <span class='ocrx_word' id='word_1_191' title='bbox 252 2514 380 2574; x_wconf 74' lang='lat' dir='ltr'>admoniti</span> <span class='ocrx_word' id='word_1_192' title='bbox 391 2516 489 2572; x_wconf 79' lang='lat' dir='ltr'>nostris</span> <span class='ocrx_word' id='word_1_193' title='bbox 499 2533 608 2588; x_wconf 88' lang='lat' dir='ltr'>quoque</span> <span class='ocrx_word' id='word_1_194' title='bbox 617 2514 727 2571; x_wconf 83' lang='lat' dir='ltr'>casibus</span> <span class='ocrx_word' id='word_1_195' title='bbox 736 2521 802 2583; x_wconf 82' lang='lat' dir='ltr'>eolo,</span> 
     </span>
    </p>
   </div>
   <div class='ocr_carea' id='block_1_3' title="bbox 180 2591 741 2674">
    <p class='ocr_par' dir='ltr' id='par_1_3' title="bbox 180 2591 741 2674">
     <span class='ocr_line' id='line_1_32' title="bbox 180 2591 741 2674; baseline -0.009 -23"><span class='ocrx_word' id='word_1_196' title='bbox 180 2601 347 2671; x_wconf 76' lang='lat' dir='ltr'>aequantem</span> <span class='ocrx_word' id='word_1_197' title='bbox 357 2592 478 2674; x_wconf 75' lang='lat' dir='ltr'>Superos</span> <span class='ocrx_word' id='word_1_198' title='bbox 487 2591 741 2649; x_wconf 74' lang='lat' dir='ltr'>ememuaauiium.</span> 
     </span>
    </p>
   </div>
   <div class='ocr_carea' id='block_1_4' title="bbox 0 0 960 2970">
    <p class='ocr_par' dir='ltr' id='par_1_4' title="bbox 0 0 960 2970">
     <span class='ocr_line' id='line_1_33' title="bbox 0 0 960 2970; baseline 0 0"><span class='ocrx_word' id='word_1_199' title='bbox 0 0 960 2970; x_wconf 95' lang='lat' dir='ltr'> </span> 
     </span>
    </p>
   </div>
  </div>
 </body>
</html>
