1898 2970
151 161 200 216 2⁴2
340 164 367 211 P.
388 156 517 211 ovum
535 160 705 211 NASONIS

151 270 204 323 Nec
213 267 302 333 breve,
314 286 362 324 nec
371 276 460 325 tutum
469 276 518 334 est,
544 284 580 323 ue
588 266 723 335 sintmea,
734 266 893 335 dieere,erau

188 342 291 398 lumina
301 342 401 400 funesti
411 345 516 402 enuncia
556 341 682 400 steneli.

150 421 279 491 Mensque
289 418 451 487 reformidat,
471 419 554 475 veluti
565 436 614 475 sua
626 416 757 486 eduen,
779 428 880 494 tempus

96 508 122 550 tu
187 493 268 551 illud:
280 503 306 550 et
315 496 453 552 admonitu
464 496 494 550 lit
503 512 590 551 nevus
600 497 659 568 ipse
667 494 755 552 delur.

150 570 184 625 Et
193 588 370 644 quaecunque
380 572 445 627 adeo
454 572 558 643 possint
567 570 660 628 afferre
668 570 813 644 pudorem,

189 646 234 701 illa
245 647 298 722 tegi
309 664 383 702 caena
394 647 500 702 condita
510 654 586 702 nocte
594 645 678 703 decet.

151 721 195 776 Nil
207 723 290 797 igitur
299 721 420 791 referam,
443 722 495 776 nisi
506 739 550 776 rue
558 739 697 794 pencass03
718 721 767 778 wd
778 721 825 778 illo

188 799 307 871 praemia
316 806 424 871 peccaro
434 796 508 853 nulla
517 797 692 870 petitnmilri:

98 885 122 928 35
152 874 347 947 stultitiamque
358 888 449 929 meum
459 874 561 929 eulmen
571 872 668 930 denne
683 873 789 944 roueri3

191 951 299 1006 nomina
309 951 333 1005 si
343 948 419 1005 factis
429 948 539 1005 reddere
547 964 610 1005 vera
619 948 697 1005 velis.

152 1026 226 1093 Quae
235 1027 259 1080 si
269 1043 322 1082 non
333 1027 369 1081 ita
379 1033 457 1091 sunt3
478 1022 577 1090 alium,
598 1023 880 1100 qunlengiusnbeiru¹

190 1118 296 1174 quaere,
317 1101 473 1158 suburbana
483 1101 573 1157 hiesit
583 1101 651 1157 nui
662 1108 732 1158 terra
742 1098 828 1156 loeus.

340 1280 366 1335 Ε
386 1278 411 1333 L
429 1276 455 1334 E
475 1278 504 1336 G
521 1279 536 1334 l
555 1279 582 1334 Α
640 1275 722 1335 Vll·

154 1392 236 1456 Vade
244 1397 389 1454 salutatum
400 1400 490 1456 subito
498 1405 617 1473 perarata
627 1397 753 1457 Perillam

191 1474 285 1535 littera.
307 1475 439 1530 sermonis
450 1475 502 1531 lida
513 1474 636 1531 ministra
645 1474 708 1531 mei.

153 1552 207 1606 Aut
217 1549 290 1605 illam
301 1549 421 1605 iuvenies
430 1549 503 1605 dulci
515 1568 578 1606 cum
588 1558 672 1607 matre
681 1551 830 1618 sedentem,

191 1636 237 1682 aut
248 1627 315 1682 inter
325 1626 407 1682 libros
416 1625 590 1700 Pieridasque
601 1644 677 1682 suan.

100 1718 112 1758 t
153 1703 291 1776 Quidquid
302 1711 370 1778 aget,
391 1702 613 1775 quumtesuierit
622 1702 739 1769 misse,
761 1702 903 1777 relinquet:

193 1797 241 1835 nee
250 1797 333 1845 mora,
355 1777 422 1852 quid
432 1778 533 1846 venias,
554 1777 664 1851 quidve,
676 1780 804 1851 requiret,
817 1796 904 1854 agam⁴

155 1857 250 1911 Vivere
262 1855 394 1922 medices,
415 1854 463 1912 sed
475 1855 524 1919 sie,
545 1862 577 1909 ut
588 1854 678 1909 virere
687 1853 787 1910 nolim:

194 1949 242 1984 nec
253 1931 322 1986 mala
332 1939 387 1986 tarn
398 1930 476 2006 longa
487 1939 575 1986 nestra
587 1929 672 1985 levata
682 1947 772 1986 mora:

155 2013 181 2058 et
193 2013 281 2061 tamen
292 2006 325 2061 ad
336 2008 436 2073 Musas,
457 2006 584 2079 quemvis
594 2022 716 2071 nocuere,
737 2009 851 2077 reverti3

102 2092 127 2133 to
194 2090 308 2155 aptaque
318 2083 346 2137 iu
357 2082 471 2138 alternos
481 2096 574 2157 eogere
583 2082 663 2137 verbu
673 2078 764 2155 pedes.

157 2156 196 2210 Tu
207 2175 331 2231 qunque,
352 2158 410 2224 dic,
431 2157 533 2215 studiis
544 2157 737 2288 enmnqnilns
752 2159 854 2231 enquid
869 2160 911 2215 in-

658 2246 742 2300 aeres,

194 2306 322 2381 doctaque
336 2327 402 2364 num
411 2309 498 2381 patrio
508 2309 627 2366 carmina
636 2326 710 2366 more
721 2309 818 2364 canis?

157 2383 226 2436 Nam
237 2383 285 2438 tibi
295 2403 358 2440 cum
369 2384 435 2440 facie
445 2402 533 2441 meres
543 2393 637 2441 nature
647 2385 770 2458 pudicos,

195 2467 220 2512 et
230 2477 302 2514 raras
312 2460 384 2516 dotes
396 2461 590 2536 ingeniumque
599 2461 680 2517 dedit.

104 2547 129 2591 15
158 2536 212 2589 llne
222 2551 270 2608 ego
279 2535 422 2608 Pegasidas
432 2536 531 2592 deduxi
541 2538 648 2609 primus
657 2537 691 2592 ad
702 2537 814 2609 undae„

191 2609 740 2684 nemalefecundaerenaqeriretaqune.

141 2693 257 2752 Primus
268 2691 297 2753 id
308 2691 428 2766 adspexi
438 2687 542 2749 teneris
549 2686 583 2741 in
594 2685 714 2755 uirginis
722 2687 820 2738 annisi
