1898 2970
143 162 192 215 318
327 166 355 211 P.
377 164 505 212 ovlnu
522 163 698 212 NASONIS

89 279 115 326 ⁴5
142 268 182 323 eic
191 265 239 322 tibi
249 266 291 321 vir
301 284 404 340 sospes,
423 266 463 321 sic
471 265 526 321 sint
535 282 598 321 curn
608 266 684 338 prole
694 278 813 341 nepotes,

180 359 298 415 cumque
307 342 387 399 bonis
397 341 511 399 nuribus
520 358 590 415 ques
600 359 728 416 peperere
738 363 839 402 nurus:

143 420 197 485 cic,
218 436 301 492 quem
310 418 369 474 dira
380 418 426 473 tibi
438 418 527 491 rapuit
535 417 696 486 Germanic,
717 420 823 477 Drusus

181 512 244 568 pars
254 493 335 551 suerit
343 502 436 568 partus
445 494 501 551 suin
510 493 610 550 cnducu
623 495 679 552 tui:

144 571 240 627 eictibi
250 577 353 627 muture
363 569 470 627 fraterni
480 568 583 625 funeris
591 569 664 626 ultor

91 664 116 705 5⁰
183 663 336 719 purpureus
346 646 433 701 niveis
443 644 516 700 filius
525 647 607 702 instet
615 647 705 719 equis.

146 721 416 786 Annuitootimidis‚
437 720 580 777 mitissima
592 722 720 789 numina,
741 723 819 778 votie

184 799 335 852 Praesentee
345 796 449 869 aliquid
458 797 544 869 prosit
552 795 732 854 heberedenu.

147 873 267 931 Caesaris
276 872 392 929 adventu
403 880 459 927 tutu
469 871 599 948 gladiator
609 890 690 928 crena

184 949 253 1017 exit3
274 957 300 1003 et
310 947 442 1004 auxilium
455 967 508 1004 non
519 947 576 1004 leve
584 947 679 1004 vultus
688 948 779 1005 habet.

93 1042 118 1084 55
146 1027 409 1098 Nosquoquevestra
420 1023 894 1097 iuvetquodqunlicetornvidcmus.

184 1101 278 1155 intrato
289 1108 330 1154 est
338 1099 447 1171 Superis
458 1101 530 1172 quod
541 1099 638 1156 domus
647 1119 702 1157 une
711 1101 811 1157 tribus.

148 1175 248 1232 Felices
257 1174 308 1241 iiii,
329 1176 376 1247 qui
387 1193 439 1231 non
450 1174 604 1243 simulacre,
624 1177 766 1249 sedipsoe,

185 1252 289 1325 quique
297 1251 376 1308 deum
387 1269 475 1307 corum
485 1269 595 1324 corpore
604 1269 667 1308 vern
678 1251 781 1308 vident.

148 1327 225 1394 Quod
234 1327 363 1400 quoniam
374 1327 452 1385 nobis
462 1327 560 1383 invidit
569 1327 665 1384 inutile
674 1327 776 1398 fetum3

94 1419 119 1461 60
185 1421 254 1475 quos
264 1402 337 1458 dedit
346 1422 400 1470 ars,
421 1403 772 1478 vultusefiigiemquecoio.

148 1478 192 1533 Sic
201 1477 324 1533 homines
334 1497 430 1535 novere
440 1481 512 1546 dens,
535 1498 603 1552 quus
614 1480 716 1536 arduus
725 1481 818 1537 aether

185 1554 294 1610 occulit:
316 1562 341 1609 et
352 1554 447 1610 colitur
456 1573 505 1626 pro
515 1557 575 1612 iove
586 1554 671 1612 forme
684 1557 765 1612 Iovis.

149 1633 283 1704 Denique,
304 1647 489 1703 quacmecum
499 1641 539 1686 est
549 1634 632 1687 eterit
644 1635 704 1687 sine
715 1633 778 1700 fine,
800 1642 895 1699 cavete,

186 1726 219 1763 ne
228 1707 264 1763 sit
274 1707 302 1762 in
314 1707 401 1764 inviso
411 1714 497 1763 vestra
508 1708 592 1781 figura
605 1708 671 1764 loco.

96 1799 120 1842 55
149 1787 217 1840 Nam
228 1792 331 1856 capute
342 1790 429 1839 nostra
440 1783 520 1838 citius
530 1785 631 1839 cervice
641 1785 753 1852 recedet,

186 1868 213 1916 et
221 1861 306 1932 patiar
316 1858 395 1916 fossis
406 1859 496 1915 lumen
506 1859 579 1914 abire
588 1861 680 1935 genis:

148 1937 445 2011 quamcarecmvohis‚
465 1934 598 2007 opublica
610 1936 738 1995 numina.
760 1939 856 2011 raptis.

186 2014 240 2071 Vos
249 2011 322 2067 eritis
333 2019 437 2069 nostrae
445 2019 539 2084 portus
548 2019 574 2067 et
582 2029 646 2068 auru
656 2012 745 2088 fugae.

148 2092 202 2149 Vos
213 2107 261 2164 ego
269 2087 441 2161 complectar,
463 2088 562 2144 Geticis
571 2088 595 2142 si
604 2089 697 2163 cingar
706 2090 741 2145 ab
752 2093 852 2149 armis:

94 2179 120 2221 to
186 2162 496 2238 vosquemeasuquilas‚
517 2182 565 2221 vos
576 2164 719 2239 monsigna
734 2183 845 2239 sequar.

150 2242 203 2296 Ant
213 2260 261 2317 ego
272 2257 315 2295 me
324 2239 395 2305 felin,
417 2240 554 2313 nimiaque
563 2240 689 2311 cupidine
698 2240 791 2299 ludor:

187 2324 233 2370 aut
243 2333 304 2389 spes
315 2315 403 2372 exsilii
413 2317 600 2372 commodioris
611 2316 693 2371 adest.

151 2390 218 2444 Nam
229 2393 321 2447 minus
330 2400 356 2448 et
364 2391 456 2463 minus
466 2400 506 2447 est
517 2391 596 2448 facies
605 2392 634 2447 in
644 2391 764 2467 imagine
774 2395 872 2465 tristis;

187 2466 300 2538 visaque
309 2476 373 2522 suut
382 2467 460 2523 dictis
470 2485 587 2524 annuere
597 2486 642 2524 ora
652 2469 731 2523 meis.

96 2551 121 2594 75
150 2539 217 2593 Vere
226 2557 318 2611 precor
328 2543 394 2598 finnt
403 2542 510 2597 timidae
518 2544 656 2618 praesagia
666 2546 781 2602 mentis:

188 2615 313 2687 iustaque
322 2619 448 2687 quemvis
458 2625 506 2683 est,
527 2619 563 2673 sit
572 2621 661 2675 minor
670 2621 710 2675 ira
718 2619 774 2679 dei.
