1898 2970
252 202 466 250 PASTORUM
483 205 554 251 LIB.
573 205 616 252 IV.
774 202 806 253 85

96 312 135 360 ter
147 304 240 379 iungat
248 305 325 360 Titan
339 311 431 377 terque
440 304 554 361 resalvat
563 322 658 379 equ0s;
822 320 860 361 tae

56 381 183 455 protinus
192 378 288 436 inflexa
296 381 449 455 Berecyntia
460 381 523 436 tibia
536 398 617 438 cornu

95 454 185 522 flabit,
205 462 231 510 at
240 455 332 511 Idaeae
341 454 405 510 festa
416 457 535 511 Parentis
544 466 636 513 erunt.

56 534 142 589 Ibunt
150 531 316 596 semimares,
337 539 362 586 et
372 531 461 587 inania
472 542 600 607 tympana
610 534 734 603 tundent,

95 624 211 680 aeraque
221 606 335 662 tinnitus
348 624 406 661 aare
414 608 520 680 repulsa
530 607 642 664 dabunt.

56 686 120 757 ipsa
132 681 449 739 sedensmeilieomitum
459 682 667 739 eervieeieretnr
821 697 860 739 185

95 757 178 814 Urbis
187 775 234 831 per
245 758 345 814 medias
355 757 490 814 exululata
503 760 571 814 vias.

56 836 241 899 Seenasenat‚
264 833 488 907 ludiquevocant.
517 834 649 906 Spectata,
670 832 799 904 Quirites;

96 917 124 966 et
133 910 201 965 Fora
210 909 293 966 Marte
302 926 352 963 sua
363 908 478 982 litigiosa
491 917 594 964 vaoent.

59 986 192 1054 Quaerere
201 984 285 1040 multa
296 983 374 1038 libet:
395 983 442 1038 sed
452 1002 495 1039 me
505 1002 588 1040 sonus
599 985 666 1039 aeris
676 985 745 1039 acuti

96 1068 190 1126 terret,
211 1068 237 1115 et
245 1058 376 1115 horrendo
386 1058 452 1116 lotas
465 1061 568 1115 adunca
579 1079 653 1116 sono.
822 1072 858 1113 ten

59 1138 111 1203 Da,
131 1136 194 1202 dea,
215 1153 284 1209 quas
294 1135 385 1202 seiten,
406 1134 510 1204 doctas,
531 1135 669 1212 Cybeleia,
691 1143 790 1208 neptes.

96 1210 194 1281 Audin
216 1212 296 1266 ethes
305 1229 383 1267 curae
393 1210 473 1268 iussit
484 1211 576 1268 adesse
588 1230 670 1267 meae.

58 1288 184 1354 Pandite,
205 1287 321 1343 mandati
332 1304 476 1356 memores,
497 1287 630 1343 Heliconis
641 1286 773 1351 alumnae,

95 1362 211 1440 gandeat
221 1360 329 1418 assiduo
340 1380 389 1417 cur
397 1364 451 1417 Dea
461 1363 557 1437 Magna
567 1382 642 1419 sono.

57 1439 178 1513 Siaegot
199 1437 238 1494 eie
247 1436 341 1492 Erato:
361 1436 471 1511 (mensis
482 1439 639 1513 Cythereius
650 1437 688 1493 iili
823 1448 860 1489 tte

94 1513 190 1579 eeesit.
211 1512 283 1586 qued
293 1514 375 1569 teneri
387 1532 482 1570 nemen
492 1514 598 1571 Amoris
607 1513 711 1587 habet:)

56 1587 512 1648 RedditaSaturnosorshaeeerat:
533 1589 640 1662 Optime
650 1608 755 1665 regum,

95 1682 112 1721 a
122 1671 185 1720 nata
194 1666 305 1737 seeptris
315 1666 446 1722 excutiere
458 1668 520 1723 tuis.

56 1740 195 1797 Illaenam
204 1748 340 1807 metuens,
361 1749 391 1796 ut
400 1759 523 1814 quaeque
534 1748 589 1796 erat
599 1740 682 1805 edita,
703 1738 803 1811 prolem

94 1815 219 1885 devorat..
239 1814 393 1874 immersam
403 1816 606 1889 visceribusque
616 1822 694 1870 tenet.
822 1827 861 1868 tnta

55 1892 143 1967 Saepe
152 1892 224 1949 Rhea
234 1899 328 1964 questa
338 1900 378 1947 est
385 1892 461 1948 toties
470 1891 592 1958 fecunda,
615 1908 795 1965 necunquam

94 1975 190 2034 mater.
211 1975 237 2024 et
245 1968 360 2024 Indoluit
369 1967 500 2025 fertilitate
509 1986 568 2024 sua.

56 2044 160 2116 Iupiter
169 2052 243 2100 ortus
253 2051 317 2100 erat.
348 2045 398 2102 Pro
411 2062 508 2119 magno
518 2052 582 2099 teste
593 2049 711 2099 vetustas

94 2118 222 2175 ereditur.
251 2118 392 2191 Acceptum
401 2136 479 2191 parea
488 2136 595 2175 movere
604 2117 695 2172 iidem.

55 2195 137 2251 Veste
147 2193 232 2251 latens
241 2212 338 2250 saxum
348 2194 452 2250 coelesti
514 2194 568 2268 gite
577 2193 653 2250 sedit.
821 2203 860 2247 205

94 2268 254 2346 Siegeniter
263 2270 324 2325 fatis
336 2268 455 2343 deeipien
474 2288 507 2325 us
518 2278 582 2326 erat.
696 2276 700 2283 ’

54 2344 150 2403 Ardua
161 2346 215 2402 iam
224 2345 328 2403 dudum
338 2353 444 2402 resonat
451 2346 594 2403 tinnitibus
604 2345 657 2409 Ide,

93 2429 172 2479 tutus
182 2429 212 2478 ut
222 2420 316 2478 infanti
326 2421 416 2497 vagiat
423 2440 467 2478 ore
476 2439 553 2495 puer.

54 2500 122 2554 Pars
132 2498 260 2555 manibus
269 2496 383 2574 clypeos,
404 2497 812 2638 {aleasparatunuitinaneax

91 2576 143 2629 hoe
150 2574 259 2630 Curetes
266 2573 385 2647 babent,
428 2598 462 2638 00
472 2578 754 2661 Corybanteenpua3
868 2567 917 2606 Ἦ

38 2646 312 2719 Beelatnitpatrena:
331 2656 490 2738 priscique
497 2657 764 2724 imitaminaiaett

64 2720 759 2829 mannowmtnsraucaquetergamonent
