1898 2970
143 185 194 238 280
338 189 366 233 P.
387 184 514 234 ov1n11
531 185 701 234 Nesouls

181 292 285 367 quique
294 289 352 344 suis
362 288 484 345 homines
491 286 589 361 pebnia
598 286 661 343 iecit
670 288 764 362 equis.

90 383 116 427 ss
143 367 190 424 sed
200 368 276 440 piger
286 364 320 420 ed
330 366 572 438 poenasprinceps‚
593 363 627 418 ad
637 365 758 436 preemie
768 364 854 424 velox:

183 442 287 515 quique
296 441 375 507 dolet,
397 440 501 514 quoties
511 439 785 514 cogituresseferox:

145 519 195 591 qui
204 517 413 588 vincitsemper‚
433 514 513 571 vietis
523 523 554 570 ut
581 531 670 571 arcere
678 518 781 589 possit3

183 592 280 648 elausit
288 601 314 647 et
324 600 428 647 aeterna
438 591 522 646 civice
531 531 602 649 heila
612 607 686 646 sera:

147 668 232 725 multe
243 675 316 724 metu
324 684 434 739 poenae,
455 665 706 738 poenaquipauca,
726 668 844 729 memet:

93 757 118 800 au
185 752 210 799 et
222 744 284 798 iecit
293 742 376 798 invite
388 740 502 796 fulmina
513 759 570 796 rara
580 759 675 797 mauu.

148 820 219 894 Ergo
230 827 282 874 tem
293 816 410 890 placidas
419 824 506 873 oretur
516 817 618 871 missus
624 815 659 871 ed
668 833 758 884 aures,

187 903 217 949 ut
229 895 335 966 propior
343 892 444 966 patriae
453 894 488 946 sit
497 891 560 966 suga
571 898 670 959 nostra,
692 910 767 968 roga.

150 969 196 1024 lile
206 988 255 1043 ego
264 988 336 1033 sum,
357 967 405 1040 qui
418 966 536 1037 temlui3
556 983 640 1040 quem
655 966 722 1023 feste
732 968 837 1025 solebat

187 1046 255 1099 inter
267 1044 393 1100 convivas
403 1059 498 1099 mensa
506 1041 597 1098 videre
606 1049 682 1099 tuos:

95 1134 121 1176 es
151 1118 195 1173 ille
205 1137 263 1192 ego,
274 1116 394 1191 quiduxi
405 1128 505 1175 vestros
514 1118 688 1192 Hymenaeon
698 1118 734 1175 ad
744 1118 837 1195 ignes3

187 1203 212 1248 et
221 1195 305 1249 cecini
319 1193 405 1249 fausto
413 1193 532 1249 earmina
543 1192 570 1248 di
610 1211 625 1249 a
638 1200 709 1250 tora:

149 1270 228 1323 cuius
239 1278 263 1324 te
272 1269 381 1325 solitum
396 1268 507 1324 memini
519 1267 563 1323 iau
583 1286 628 1323 ere
638 1267 754 1335 libellos.

187 1345 319 1415 exceptis,
335 1344 501 1417 dominoqui
513 1361 626 1400 nocuere
636 1362 702 1400 suo:

149 1419 193 1474 eui
204 1427 249 1473 tue
260 1436 458 1491 nonnunquam
469 1419 578 1475 miranti
587 1419 686 1491 scripta
698 1418 816 1494 legebas.

95 1510 121 1552 70
187 1493 234 1549 Ille
243 1510 302 1568 ego,
322 1493 355 1548 de
364 1501 452 1548 vestra
463 1495 507 1549 cui
518 1494 579 1549 data
589 1503 672 1567 nupta
684 1495 766 1550 domo
776 1503 826 1550 est.

152 1573 225 1626 Hanc
234 1569 337 1643 probat,
359 1576 384 1624 et
393 1568 482 1640 primo
493 1569 617 1625 dilectam
628 1587 735 1642 semper
744 1571 780 1625 ab
790 1589 857 1627 aevo

188 1645 704 1714 estintereomitesMarciacensasuas3

152 1725 234 1795 inque
243 1722 301 1777 suis
310 1721 407 1777 hebuit
415 1728 553 1776 matertere
562 1720 682 1776 Caesaris
692 1728 768 1776 ente:

188 1816 304 1871 quarum
315 1798 414 1854 iudicio
424 1798 447 1852 si
458 1815 511 1870 que
521 1796 640 1869 probata,
661 1796 745 1867 proba
756 1803 805 1850 est.

93 1885 121 1928 75
150 1876 209 1945 lpse
221 1893 269 1929 sua
281 1873 374 1930 melior
384 1872 464 1934 fame.
486 1871 656 1927 laudantibus
669 1871 738 1935 istis,

189 1949 299 2004 Claudia
310 1948 401 2004 divine
413 1968 467 2004 non
481 1948 599 2024 eguisset
607 1964 667 2020 ope.

151 2025 204 2078 Nos
215 2042 323 2097 quoque
332 2025 486 2096 praeteritas
495 2025 554 2079 sine
568 2022 626 2079 labe
640 2022 795 2097 peregimus
805 2040 914 2098 annos..

165 2138 167 2143 -
188 2101 311 2155 Proxima
322 2119 384 2172 pars
393 2101 464 2155 vitae
473 2098 645 2154 transilienda
656 2115 740 2153 meae.

151 2172 202 2227 Sed
212 2175 244 2228 de
254 2193 296 2230 me
306 2185 336 2231 ut
345 2175 449 2240 sileam,
462 2175 561 2230 coniux
572 2191 629 2229 mee
640 2172 746 2228 sarcina
755 2179 844 2228 vestra
853 2182 903 2229 est.

97 2259 122 2299 aa
189 2251 247 2303 Non
258 2259 332 2320 potes
343 2251 412 2306 hanc
420 2250 494 2304 salva
505 2248 676 2306 dissimulem
685 2248 748 2303 fide.

151 2322 277 2396 Confugit
287 2326 351 2380 haec
361 2325 461 2390 advos,
482 2335 638 2399 vestrasque
648 2322 817 2396 amplectitur
827 2342 902 2393 ares3

188 2398 255 2470 (iure
264 2401 338 2454 venit
346 2400 431 2455 cultos
443 2399 476 2454 ed
486 2400 539 2455 sibi
549 2402 666 2474 quisque
675 2401 739 2456 deos
747 2399 765 2474 z)

152 2471 270 2543 flensque
280 2483 367 2546 roget,
388 2475 513 2546 precibus
524 2474 604 2532 lenito
616 2476 727 2532 Caesare
737 2475 846 2530 vestris.

190 2548 266 2601 busta
277 2549 319 2602 sui
331 2549 396 2603 fiant
408 2557 438 2605 ut
449 2549 573 2623 propiora
582 2550 645 2604 viri.
