1898 2970
267 134 481 183 FAS'I'ORUM
498 139 570 185 LIB.
591 138 622 184 V.
768 137 815 186 ll5

105 235 292 309 cervicemque
299 235 360 308 polo
372 239 560 310 suppositurus
572 238 655 294 Atlas.
832 257 871 298 tao

67 312 162 369 Victus
173 318 285 384 uterque
293 328 390 383 parens
400 322 487 368 tamen
499 322 538 367 est
550 315 644 385 pietate
653 332 785 374 sororum.

105 386 156 442 Illa
165 385 239 443 dedit
247 386 365 443 coelum:
388 390 496 444 nomina
506 388 566 443 lecit
574 391 655 463 Hyas.

67 464 167 529 Mater,
188 462 266 527 ades,
286 462 396 530 florum,
418 463 489 518 ludis
501 464 628 520 celebrata
638 466 747 522 iocosisl

106 536 268 593 Distuleram
278 548 365 610 partes
375 535 467 594 mense
475 539 564 612 priore
574 547 642 595 tuas.

68 614 170 686 Incipis
178 613 280 686 Aprili:
302 614 399 669 transis
412 615 441 670 in
450 622 569 686 tempora
580 615 651 669 Maii.
832 630 871 671 185

106 689 181 745 Alter
192 688 349 763 teiugiens,
370 707 456 761 quum
469 690 543 745 venit
552 688 631 753 alter,
651 689 739 746 habet.

68 767 163 835 Quum
172 772 218 821 tua
228 764 296 830 sint,
317 763 463 838 cedantque
473 764 520 820 tibi
531 763 646 821 confinia
660 781 794 831 mensum,

106 840 232 899 convenit
241 839 270 894 ia
280 837 372 895 laudes
382 839 427 896 illc
436 838 478 896 vel
489 841 538 895 iste
548 847 617 894 tuas.

69 917 164 973 Circus
173 915 204 972 in
213 914 287 970 hunc
296 914 358 981 exit,
379 914 544 988 clamataque
554 913 643 987 palma
653 914 774 970 theatris:

107 993 158 1048 hoc
167 1006 276 1064 quoque
287 1007 349 1046 eum
360 991 429 1047 Circi
440 1007 550 1046 munere
560 1007 666 1045 carmen
676 998 726 1045 eat.
831 1007 869 1047 rso

68 1069 130 1140 lpsa
140 1066 205 1123 doce
213 1083 282 1139 quae
291 1065 344 1121 sis:
364 1066 506 1122 hominum
515 1066 643 1122 sententia
656 1065 744 1122 fallax.

107 1141 251 1215 Optimatu
259 1141 360 1214 proprii
370 1143 487 1198 nominis
498 1149 588 1198 auctor
600 1142 662 1197 eris.

68 1218 113 1273 Sic
122 1235 185 1292 ego,
207 1217 684 1292 sicnostrisresponditdivarogatis.

107 1295 177 1348 Dum
188 1292 316 1365 loquitur,
337 1310 432 1348 vernas
443 1292 512 1348 elllat
524 1295 557 1348 ab
566 1311 610 1349 ore
619 1312 702 1350 rosas.

69 1367 175 1427 Chloris
185 1385 268 1436 eram,
287 1368 444 1441 quaeFlora
454 1384 541 1424 vocor.
572 1369 700 1443 Corrupta
709 1371 803 1424 Latino
830 1383 868 1425 195

108 1444 227 1500 nominis
236 1451 276 1499 est
285 1445 367 1500 nostri
380 1443 464 1499 littera
475 1443 573 1499 Graeca
582 1463 657 1501 sono.

70 1520 175 1577 Chloris
188 1537 274 1586 eram,
294 1520 420 1595 Nympha
430 1520 517 1592 campi
527 1518 620 1586 felicis,
642 1521 689 1576 ubi
700 1521 777 1576 audis

108 1613 165 1651 rem
175 1594 315 1652 fortunatis
325 1603 386 1651 ante
396 1594 481 1651 fuisse
491 1595 567 1651 viris.

70 1671 145 1739 Quae
155 1670 235 1727 luerit
243 1670 311 1726 mihi
320 1669 413 1738 forma,
420 1688 501 1746 grave
511 1680 550 1725 est
561 1688 666 1726 narrare
672 1672 812 1726 modestae.

109 1748 156 1802 sed
165 1763 293 1820 generum
304 1746 381 1801 matri
391 1747 487 1818 reperit
497 1745 543 1800 illa
553 1746 644 1800 deum.
830 1758 869 1798 aaa

70 1824 123 1879 Ver
132 1830 201 1878 erat:
215 1822 346 1878 errabam.
375 1823 513 1895 Zephyrus
523 1820 674 1891 conspexit3
696 1820 812 1874 abilnrn.

109 1898 276 1971 Insequitur3
297 1896 381 1972 fugio.
411 1896 513 1955 Fortior
523 1895 567 1950 ille
576 1895 639 1950 luit:

71 1982 96 2028 et
105 1973 212 2029 dederat
221 1972 295 2028 fratri
303 1973 397 2029 Boreas
408 1972 451 2028 ius
460 1988 539 2028 omne
551 1971 667 2042 rapinae,

108 2067 192 2105 ausus
200 2048 345 2105 Erechthea
354 2047 471 2121 praemia
480 2045 547 2102 ferre
556 2046 644 2102 domo.

71 2126 131 2181 Vim
141 2132 232 2181 tamen
244 2124 366 2181 emendat
375 2123 461 2179 dando
470 2121 538 2177 mihi
549 2122 657 2177 nomina
669 2130 779 2192 nuptae:
831 2133 868 2173 aaa

108 2202 192 2274 inqua
200 2217 262 2257 meo
271 2217 326 2256 non
334 2206 375 2255 est
383 2198 438 2254 ulla
447 2196 554 2271 querela
565 2205 630 2252 toro.

71 2277 136 2332 Vere
148 2275 349 2348 lruorsemper:
370 2291 474 2348 semper
484 2272 664 2328 nitidissimus
674 2288 771 2326 annus.

108 2352 194 2409 Arbor
204 2349 407 2418 habetlrondas‚
427 2347 527 2425 pabula
537 2365 641 2421 semper
652 2347 763 2403 humus.

69 2428 118 2484 Est
127 2428 195 2485 mihi
205 2428 337 2485 fecundus
346 2425 478 2483 dotalibus
487 2425 581 2480 hortus
591 2425 620 2478 in
632 2422 714 2496 agris.

107 2504 180 2562 dura
192 2504 276 2573 lovet3
298 2501 414 2574 liquidae
426 2499 608 2574 lenterigatur
618 2515 714 2573 aquae.
831 2507 876 2548 ma

69 2575 499 2650 Huncmensimplevitgeneroso
509 2575 574 2635 llore
586 2579 722 2636 maritus:

96 2653 231 2719 atquear't,
253 2650 407 2709 Arbitrium
424 2663 469 2725 tu,
494 2657 562 2729 dea,
587 2655 767 2718 llorislralie.

677 2745 705 2790 ll
717 2749 742 2790 9.
