1898 2970
174 450 204 508 Ρ.
233 451 385 509 OVlDli
413 451 615 510 NASONIS

281 592 296 656 Ι
338 591 365 656 Β
407 592 423 658 Ι
466 593 503 657 S.

310 759 469 770 W

19 858 146 942 Tempus
165 881 198 924 eu
217 867 281 935 hee,
308 866 400 923 lustris
421 866 475 922 iem
496 867 538 921 bis
557 867 624 923 mihi
646 870 768 944 quinque

549 946 670 1015 peractis,

55 1037 136 1076 omne
145 1017 197 1076 fuit
205 1019 298 1076 Musae
307 1036 414 1075 carmen
424 1018 526 1074 inerme
539 1035 625 1076 meae

19 1092 161 1169 nulleque,
182 1112 252 1168 quae
260 1094 359 1167 possit,
379 1094 487 1168 seriptis
497 1101 533 1150 tot
542 1093 679 1164 millibus,
701 1107 784 1153 exstat

57 1170 131 1227 litera
141 1171 265 1237 Nasonis,
286 1169 491 1246 sanguinulenta
503 1169 569 1245 legi:

19 1247 349 1320 necquemquemnoetri.
371 1246 492 1312 nisime,
514 1245 611 1302 laesere
621 1247 719 1319 libelli;
810 1265 821 1307 5

55 1323 164 1379 artificis
174 1322 253 1396 periit
262 1339 349 1395 quum
359 1329 440 1394 eaput
450 1321 511 1377 Arte
521 1339 580 1379 sue.

17 1399 94 1455 Unus
104 1398 139 1472 (et
152 1398 202 1455 hoe
211 1399 304 1471 ipsum
312 1407 353 1454 est
361 1398 461 1454 iniuria
470 1398 577 1475 magna)
585 1416 729 1472 perennem

55 1473 178 1531 candoris
188 1473 297 1530 titulum
308 1492 362 1530 uun
371 1474 438 1531 sinit
449 1490 507 1530 esse
517 1475 580 1531 mei.

17 1550 150 1624 Quisquis
160 1551 236 1618 isest,
244 1548 317 1625 (narn
327 1567 424 1608 nomen
430 1550 661 1624 adhueuteuuque
668 1553 777 1628 tacebe)

55 1626 577 1702 eogitinessuetueeumereielemanus.
796 1641 821 1682 ιο

18 1702 64 1758 [lle
73 1701 219 1778 reieguuun
228 1703 330 1778 gelidos
340 1702 482 1776 Aquilonis
493 1701 609 1757 adortus

55 1796 109 1835 non
119 1778 185 1834 sinit
193 1777 288 1835 exsilio
297 1778 434 1834 delituisse
443 1793 517 1845 me03

18 1854 183 1928 vulneraque
191 1852 304 1910 immitis
313 1854 433 1927 requiem
444 1852 597 1926 quaerentia
607 1860 698 1909 vexet:

54 1931 132 1986 iactet
140 1938 166 1986 et
177 1930 206 1986 in
216 1937 268 1986 teto
278 1929 386 1986 nomine
397 1938 485 1986 nostre
496 1928 566 1985 foro:

17 2014 197 2080 perpetuoque
206 2006 274 2062 mihi
284 2007 410 2063 sociatum
419 2005 523 2061 foedere
533 2004 592 2060 lecti
795 2018 820 2060 15

54 2101 109 2139 non
118 2081 220 2155 petitur
229 2082 319 2137 miseri
330 2080 423 2137 funera
433 2080 494 2138 [lere
504 2080 570 2137 viri:

15 2176 159 2233 quumque
181 2175 231 2233 ego
249 2176 348 2231 quaese
373 2175 447 2213 meae
466 2155 626 2244 complectet
645 2156 764 2210 membre

549 2249 664 2300 carruae,

54 2327 90 2366 ne
99 2307 186 2384 riregii
196 2308 301 2366 tabulas
309 2316 413 2383 pugnat
423 2309 520 2365 habere
530 2309 596 2364 mei:

15 2392 41 2441 et
51 2385 99 2458 qui
110 2384 237 2441 debuerat
245 2384 348 2441 subitas
359 2383 514 2459 extinguere
523 2383 660 2451 flammas,

53 2459 98 2516 hio
106 2461 233 2534 praedem
244 2460 331 2516 medio
342 2467 430 2533 raptor
440 2460 474 2515 ab
484 2461 547 2535 igne
555 2461 634 2534 petit:
792 2470 823 2511 iu

15 2534 118 2602 nitier,
140 2544 171 2592 ut
173 2535 306 2610 profugae
315 2535 405 2595 desint
413 2535 543 2597 alimenta
551 2543 691 2596 eeueeeue.

40 2611 101 2693 Heu
109 2619 212 2680 quanto
220 2620 262 2667 est
270 2616 373 2672 nostris
383 2615 501 2696 dignior
511 2617 562 2676 iiie
572 2612 679 2677 mirei

10 2679 151 2737 ''mu''
169 2703 291 2759 quorum
303 2688 392 2773 iunge
404 2696 482 2757 mihi
493 2698 657 2758 maximus
664 2687 721 2748 ‘uie
730 2687 794 2745 esi„
