1898 2970
186 185 234 237 ΗΞ
372 185 402 232 1’.
422 183 550 231 ovlnn
567 186 743 235 morus

220 290 367 363 quitnmen
377 288 511 361 inprimis
521 285 779 349 aedibnaantaffit.

184 368 251 422 Hine
260 371 369 439 quoqne
379 363 543 421 vestibulum
552 363 689 421 dicirenr:
709 366 914 443 undeuuanda

221 442 334 497 affamur
342 444 460 507 Vestam,
481 440 555 508 Quae
566 439 623 495 lona
632 439 723 513 prima
730 448 820 501 tenea.

130 532 168 575 305
183 519 251 575 Ante
262 518 332 575 soona
343 518 408 576 olim
418 515 506 591 longia
514 514 784 575 eonsidereaaannn

223 601 358 663 nroserat3
380 601 406 648 et
414 609 522 648 mensae
530 590 826 653 eredaratdffldeoe.

185 673 263 727 Nunc
272 686 389 743 quoque,
404 685 490 741 quum
501 667 570 723 fiunt
578 667 793 742 antiquantur·
802 672 923 737 Vaearnea,

223 755 283 801 ante
292 744 440 801 Vacunales
450 750 575 816 stantque
584 743 733 817 sedentque
744 744 830 805 fenne.

185 823 263 876 Venit
273 822 301 876 in
312 821 361 876 hoa
371 838 455 876 annos
466 818 570 892 aliquid
580 818 614 874 de
622 836 698 877 more
707 828 831 882 meta:

131 911 170 952 arn
223 897 272 951 sert
282 896 378 953 misena
386 896 481 953 Vestae
490 914 558 968 pura
568 894 664 967 patella
672 894 760 953 οἰδα.

187 976 251 1028 {iren
261 973 392 1029 coronatis
404 972 483 1044 penis
491 970 622 1043 dependet
630 968 735 1039 naellie3

223 1060 248 1102 et
259 1048 347 1102 velant
356 1048 463 1103 scabras
473 1045 564 1102 florida
573 1052 642 1102 seraa
651 1044 749 1103 molae.

184 1124 244 1177 Sela
256 1123 331 1193 prius
342 1121 429 1176 furnis
441 1123 575 1177 torrebant
584 1120 653 1176 farra
663 1119 769 1179 coloni:

223 1206 248 1251 et
257 1197 394 1253 Fornacali
404 1204 469 1251 sunt
478 1214 526 1252 aua
537 1213 611 1253 sacra
622 1196 697 1252 deae.

131 1286 170 1328 315
185 1272 360 1344 suppositum
369 1272 452 1329 cineri
462 1288 560 1345 panem
570 1269 645 1329 foena
657 1271 716 1345 ipae
724 1273 850 1345 parabat;
917 1282 920 1289 '

223 1353 357 1420 strataque
365 1356 421 1405 erat
431 1348 520 1421 tepido
528 1347 619 1423 tegula
626 1364 726 1420 quaese
737 1348 805 1405 anto.

185 1425 248 1480 lnda
257 1422 347 1479 focum
356 1432 443 1481 servat
453 1426 547 1499 pistor,
567 1424 761 1496 dominamque
770 1423 896 1487 bonnm,

186 1499 907 1647 1213330223'Yssssffissssnlfflf¹ssu⁰ffissssssnrape
944 1636 946 1648 ,

131 1665 169 1708 aaa
222 1650 354 1709 dedeena‘?
381 1651 516 1708 Eatmulti
530 1649 619 1707 fabula
631 1649 711 1723 plena
722 1650 785 1705 inei.

187 1728 329 1804 Turrigera
338 1726 451 1787 frontem
461 1727 560 1803 Cybele
569 1726 692 1782 redimita
700 1742 799 1781 eorona

222 1812 349 1862 convocat
357 1813 476 1862 aeternna
485 1803 518 1859 ad
528 1819 577 1859 aua
587 1801 653 1858 testa
662 1801 736 1857 deos.
944 1854 946 1879 Ι

185 1883 318 1935 Convocat
326 1891 352 1937 et
361 1881 469 1957 Satyros
478 1888 503 1936 at
511 1880 610 1936 rustiea
621 1877 733 1935 numina
743 1876 892 1952 Nymphas.
944 1916 946 1921 -

222 1953 339 2020 Silenus,
358 1957 485 2027 quamvis
495 1973 574 2011 nemo
582 1960 696 2019 vocarat,
717 1952 803 2008 adest.
944 1955 946 2019 j

130 2044 168 2085 325
184 2027 316 2095 Neclicet,
337 2038 363 2085 et
372 2029 482 2104 longum
492 2039 532 2086 est
541 2029 634 2104 epulas
644 2044 751 2085 narrare
760 2028 884 2084 deomm:
944 2072 946 2084 .

222 2107 249 2161 in
261 2105 345 2162 multe
355 2122 410 2161 nox
418 2114 459 2160 eat
466 2106 623 2181 pervigilata
632 2121 715 2161 mero.

185 2183 216 2236 Hi
227 2189 324 2238 temere
332 2181 455 2238 errabant
465 2182 493 2237 in
503 2199 599 2255 opacae
608 2179 725 2237 vallibus
737 2178 812 2234 ldae:

220 2276 282 2328 pars
294 2258 368 2324 iacet,
389 2266 415 2313 et
424 2258 499 2314 molli
508 2258 630 2333 gramine
640 2256 760 2312 membra
773 2253 858 2311 levat:

185 2333 211 2386 tri
224 2332 335 2399 ludunt,
356 2336 404 2389 hos
415 2351 526 2389 somnus
536 2334 630 2390 habet:
651 2326 921 2406 parabraehianent't

130 2421 168 2462 33⁰
222 2416 246 2462 et
257 2409 369 2465 viridem
381 2407 460 2464 celari
469 2417 507 2463 ter
516 2410 583 2482 pede
592 2409 682 2482 pulsat
691 2408 820 2464 humum.

185 2485 262 2538 Vesta
272 2485 347 2551 iacet,
368 2484 555 2559 placidamque
564 2487 636 2558 capit
644 2498 737 2540 secura
747 2482 876 2557 quietern,

122 2572 124 2577 ⁴
222 2559 291 2613 sicut
301 2568 370 2624 erat,
391 2562 509 2632 positum
519 2561 619 2632 eeapite
628 2560 694 2615 tulta
704 2566 795 2631 eaput.

184 2636 218 2691 At
228 2635 307 2688 ruber
318 2635 454 2692 hortorum
463 2643 553 2691 enatos
564 2635 753 2708 nymphasque
761 2634 879 2707 deaeque
936 2632 939 2637 ’

222 2718 320 2783 captat3
342 2722 367 2767 et
376 2720 492 2767 errantes
502 2709 605 2781 fertque
615 2709 746 2782 refertque
756 2709 847 2783 pedae.
