1898 2970
296 165 542 242 ,11³1ss
737 182 786 233 333

36 285 277 343 Therodamanteos
288 290 320 342 ut
328 284 377 358 qui
387 303 494 342 sensere
504 285 607 355 leones3
802 301 841 344 335

74 362 177 435 quique
186 361 336 417 Thoanteae
344 361 456 417 Taurica
466 379 539 417 33333
549 362 627 418 deae:

36 435 785 514 utquosSoyllavorox‚SoylleequeadvereeChorybdis‚

36 546 43 553 -
73 510 334 584 Dulichiaepavidoe
343 511 464 584 eripuere
476 514 540 570 reti:

36 596 67 643 ut
78 605 148 661 quos
157 587 266 642 demisit
275 595 378 644 vastam
388 587 569 664 Polyphemus
580 588 608 644 in
619 587 726 644 alvum:

75 670 122 718 333
130 663 335 737 Laestrygonias
345 665 393 736 qui
404 664 511 719 subiere
521 681 633 719 manue:
802 678 841 721 333

37 746 67 794 ut
75 756 145 812 quos
155 737 213 793 dux
222 739 325 794 Poenus
335 739 427 794 mersit
438 738 591 811 putealibus
603 738 696 806 undio,

74 822 100 868 33
112 814 180 869 13333
191 830 271 869 canas
283 812 466 885 pulvereieoit
478 832 577 888 aquae:

36 897 63 945 33
73 887 146 946 velut
154 888 270 945 Ioaridos
281 887 397 945 famulae
406 890 507 962 periero
515 889 652 963 prooique,

74 965 159 1037 inquo
167 971 248 1036 caput
257 964 360 1020 domini
369 966 418 1038 qui
428 965 508 1021 dabat
517 983 591 1022 33333
600 967 702 1039 procis:

37 1047 68 1097 ut
77 1041 145 1095 iacet
155 1038 240 1096 Aonio
251 1039 518 1114 luctatorabhospite
528 1039 616 1108 fusus,
803 1052 842 1096 335

74 1115 123 1188 qui
136 1113 256 1190 (mirum)
266 1115 363 1182 vietor,
385 1133 472 1189 quum
481 1117 633 1182 cecidisset,
654 1126 721 1173 erat:

37 1200 67 1247 ut
76 1208 145 1264 quos
156 1191 249 1247 Antaei
258 1189 339 1247 fortes
347 1209 467 1264 proeeere
477 1191 565 1246 1333331
574 1211 580 1260 ;

75 1282 199 1339 quosque
207 1264 277 1323 13333
288 1267 367 1323 morti
376 1267 488 1323 Lemnia
500 1266 577 1323 turbe
589 1266 675 1322 dedit:

38 1342 125 1415 utqui
136 1349 196 1414 post
205 1340 316 1416 longum
326 1343 394 1397 sacri
406 1348 566 1398 monstrator
575 1342 664 1415 iniqui

75 1417 166 1480 elicuit
174 1417 282 1490 pluviae
292 1417 400 1473 victima
411 1435 506 1473 coesus
515 1436 614 1490 equas:
661 1464 664 1468 .
802 1426 842 1472 333

38 1493 118 1547 133333
126 1499 157 1548 ut
166 1492 275 1559 Antaei,
296 1511 351 1566 quo
361 1494 494 1568 sanguine
503 1494 611 1558 debuit,
632 1512 691 1549 3333

74 1567 169 1637 3133ιί3;
191 1575 217 1625 33
225 1568 355 1642 exemplis
363 1569 459 1625 oooidit
467 1571 525 1642 ipse
534 1570 606 1626 suis:

37 1651 68 1699 ut
77 1643 126 1718 qui
136 1632 443 1732 terribiles'programen
451 1644 614 1700 habentibus
624 1643 713 1698 herbis

28 1772 32 1779 ,
75 1718 178 1791 impius
187 1719 307 1776 humano
316 1736 418 1775 3333333
426 1719 501 1791 pavit
509 1735 607 1791 equos:

38 1802 69 1850 ut
78 1795 132 1853 duo
141 1794 255 1851 diversio
265 1795 318 1851 3313
327 1794 419 1851 eodem
429 1793 535 1850 vindice
544 1793 614 1849 eaesi
646 1825 649 1830 -
803 1800 842 1848 335

77 1870 240 1943 temporibus
250 1871 361 1936 Nessus,
383 1871 582 1943 Dexamenique
590 1886 685 1946 gener:

39 1955 69 2002 ut
79 1963 224 2018 pronepos,
246 1946 373 2012 Saturne,
394 1954 473 2013 tuus,
494 1962 576 2019 quem
587 1945 695 2001 reddere
704 1945 787 2000 vitem

76 2023 133 2092 ipse
143 2020 287 2078 Coronides
299 2021 366 2077 vidit
376 2022 409 2076 313
420 2022 486 2077 urbe
496 2040 559 2077 sua:

40 2096 166 2162 3381313,
186 2095 322 2162 33831333,
343 2105 439 2152 etcum
450 2097 629 2172 Polypemone
639 2103 727 2162 33333,
784 2130 790 2139 -

75 2171 179 2245 quique
187 2172 268 2229 homo
277 2180 351 2244 porte
361 2173 415 2238 sui,
436 2181 510 2244 perte
520 2174 651 2229 iuvencus
661 2179 729 2244 ereo:
803 2179 841 2226 313

39 2248 143 2320 quique
152 2247 239 2303 3331333
248 2264 354 2319 pressas
365 2248 399 2302 313
408 2247 493 2304 humo
503 2249 623 2304 mittebat
633 2249 661 2303 in
672 2265 760 2314 aures,

76 2323 200 2395 aequoris
210 2321 360 2395 adspiciens
370 2322 453 2379 huius
463 2331 488 2378 et
498 2323 581 2378 huius
591 2340 689 2396 aquas:

38 2414 162 2471 quaeque
172 2399 249 2455 Ceres
260 2396 328 2454 vidit
336 2396 403 2454 13333
414 2399 551 2470 pereuntia
560 2399 638 2455 vultu

77 2492 185 2546 corpore
196 2474 297 2533 Thesea
306 2473 456 2549 Cercyonea
466 2491 560 2530 manu.
743 2522 744 2526 ,

40 2548 766 2624 1133333133,(333333τωί1333ἰυ33ἰεῐ3333333333133.,
812 2553 862 2595 ws

70 2625 208 2690 evenient,
228 2625 399 2687 3331333333
413 2626 521 2688 leviore
529 2626 630 2687 333133.

23 2694 117 2757 Qualis
125 2697 350 2764 Achaemenides
359 2705 458 2770 Siculo
468 2709 654 2770 (1333333313
670 2700 778 2757 hieme„
