1898 2970
144 194 193 248 162
326 199 357 244 Ρ.
379 197 506 245 0v1n11
530 196 698 243 NASONIS

181 316 267 372 nuper
276 299 311 355 ab
320 299 458 372 exsequiis
467 299 586 355 earmina
596 306 672 370 rapta
683 297 767 354 meis:

144 375 187 430 hia
198 373 297 431 nrando
307 375 390 441 diona,
412 375 481 431 inter
490 381 592 430 mutata
601 372 692 428 referri

89 463 128 507 aaa
181 450 302 507 fortunae
312 449 418 506 vultum
427 466 538 523 oorpora
546 466 625 522 posse
635 466 720 504 meae.

144 527 267 599 Namque
276 544 307 581 ea
317 525 460 581 dissimilia
469 525 559 583 subito
568 523 709 580 eateffeota
723 525 821 597 priori:

184 600 325 674 flendaque
338 617 421 666 nuno,
442 599 534 673 aliquo
543 608 662 672 tempore
674 599 742 655 laeta
752 599 813 656 fuit.

146 677 225 732 Plura
236 676 348 750 quidem
359 675 486 731 mandare
494 676 554 741 tihi,
575 676 599 730 ai
609 675 729 747 quaeris.
751 675 871 733 habeban

183 752 231 808 aed
240 766 333 809 vereor
342 750 431 807 tardae
440 768 535 807 oauasa
545 750 629 807 fuisso
641 768 746 806 morae:

93 842 131 883 125
146 830 222 894 etsi,
243 827 455 901 quaoaubeunt‚
477 835 581 893 mum,
602 825 684 892 libor,
705 827 871 884 omniaferre

186 904 291 960 sarcina
302 902 388 958 laturo
398 919 496 977 magna
506 902 615 958 iuturus
624 918 694 957 eras.

147 981 239 1055 Longa
248 978 294 1035 via
302 987 355 1034 eat:
383 994 506 1052 propera.
554 976 638 1034 Nobis
648 976 816 1035 habitabitur
829 980 871 1036 ori

186 1056 315 1111 ultimus:
336 1072 351 1109 a
365 1063 434 1110 nerra
445 1061 512 1111 tarra
523 1060 621 1109 remota
635 1070 704 1108 mea.

353 1229 597 1288 ELEGIA
642 1231 690 1288 11.

152 1347 190 1410 Di
202 1353 284 1409 maria
293 1353 404 1420 etooaii¹
420 1352 500 1429 (quid
508 1354 582 1409 enim
595 1353 650 1409 nisi
659 1361 720 1411 vota
730 1371 871 1427 superaun¹

187 1428 289 1485 solvere
298 1436 442 1501 quaaaataa
450 1430 551 1503 paroito
564 1429 686 1485 membra
701 1429 779 1484 ratis:

151 1524 226 1571 neve,
247 1521 349 1576 preoor‚
371 1504 464 1579 magni
476 1506 637 1561 subscribite
646 1505 769 1561 Caesaris
779 1507 844 1562 irae.

187 1581 280 1652 Saepe,
301 1587 438 1652 promente
447 1579 506 1646 deo,
527 1580 578 1635 sert
587 1581 654 1636 deus
667 1580 733 1635 altar
741 1599 832 1653 opem.

96 1673 108 1714 r
151 1657 281 1714 Mulciber
291 1655 320 1712 in
330 1656 452 1722 Troiam,
472 1674 522 1729 pro
532 1657 610 1712 Troia
621 1657 708 1711 stabat
716 1656 829 1728 Apollo:

189 1752 273 1807 aequa
282 1733 375 1790 Venus
386 1732 509 1798 Teucria,
529 1732 616 1788 Pallas
626 1731 720 1804 iniqua
730 1731 791 1787 fuit.

151 1810 249 1867 Oderat
259 1809 367 1866 Aenean
377 1809 485 1882 propior
494 1807 618 1864 Saturnia
630 1808 731 1864 Turno.

191 1885 237 1939 Ilia
248 1894 336 1940 tamen
346 1885 457 1943 Veneris
471 1885 583 1942 nurnine
593 1891 667 1939 tutus
677 1889 742 1938 erat.

152 1962 235 2029 Saepe
245 1959 318 2014 ferox
328 1968 438 2015 cautum
446 1962 523 2033 petiit
532 1962 673 2033 Neptunus
686 1958 808 2015 Vlixem:

100 2049 123 2090 ru
189 2034 288 2105 eripuit
296 2043 391 2105 patruo
400 2053 480 2108 saepe
490 2036 611 2092 Minerva
620 2053 680 2091 auo.

152 2110 406 2182 Etnobisaliquod,
427 2112 554 2184 quamvis
564 2112 697 2167 distamus
705 2111 740 2165 ab
750 2109 816 2177 illis,

190 2185 256 2255 quid
269 2193 338 2241 votat
352 2187 420 2243 irato
428 2204 531 2243 numen
541 2187 634 2242 adessa
643 2185 711 2242 deo?

154 2261 240 2316 Verba
252 2262 333 2316 miser
343 2261 441 2317 frustra
453 2279 507 2319 non
517 2262 681 2334 proficientia
692 2261 791 2334 perdo:

192 2336 249 2406 ipsa
259 2354 355 2408 graves
365 2347 499 2412 spargunt
506 2354 552 2392 ora
564 2338 698 2411 loquentis
708 2356 809 2410 aquae:

100 2422 124 2464 ra
155 2408 335 2482 norribiliaqua
344 2414 430 2468 Notua
442 2412 521 2467 iactat
533 2430 592 2469 mea
605 2414 689 2479 diota3
710 2430 867 2486 precesque,

191 2486 303 2557 adquos
314 2489 466 2555 mittuntur,
487 2505 542 2545 non
551 2490 616 2544 sinit
625 2490 664 2543 iro
673 2488 746 2543 deos.
865 2490 869 2497 '

154 2564 226 2636 Ergo
236 2561 306 2615 idem
317 2564 404 2630 venti,
425 2582 459 2619 ne
467 2582 563 2619 oauaaa
574 2563 662 2619 laedar
670 2564 700 2618 in
711 2582 776 2628 una,

190 2636 304 2714 velaque
313 2639 405 2699 nescio
415 2660 483 2718 quo,
503 2647 623 2712 votaque
636 2637 845 2692 noairaierunu‘i

133 2718 180 2776 Ma
187 2719 328 2781 miserum
335 2767 343 2796 ,
369 2721 474 2801 quanti
487 2722 600 2779 montes
612 2711 767 2770 uoiuunaur
777 2724 871 2777 aquen

192 2908 312 2938 *-
