1898 2970
164 199 217 243 Ex
234 197 367 242 PONTO
385 196 441 242 ΕΡ.
460 196 529 242 LIB.
544 196 588 243 Ν.
608 197 665 245 ΕΡ.
681 199 707 244 9.
761 193 808 244 36Ἶ

98 298 221 372 proxima
231 297 296 352 dant
305 297 382 353 nobis
392 297 488 369 oppida
499 315 600 352 munus
613 298 694 354 idom.

61 374 116 430 Nec
126 363 211 446 piatas
220 372 308 447 ignota
320 389 377 427 mea
389 380 443 428 eat:
464 372 536 427 videt
547 372 649 444 hospita
658 383 736 439 terra,
826 387 865 430 too

99 451 128 504 in
139 456 228 504 nostra
237 465 344 503 sacrum
354 447 473 504 Caesaris
483 465 541 503 esse
551 447 640 503 domo.

62 524 139 580 Stant
147 525 246 595 pariter
256 531 388 595 natusque
397 524 474 595 pius,
495 522 648 595 coniuxque
658 523 788 591 sacerdos,

101 598 213 654 numina
222 598 275 653 iam
286 597 353 653 facto
363 617 416 654 non
426 597 523 653 leviora
533 598 592 654 deo.

10 711 14 723 ·
62 673 200 731 Neu'desit
208 690 271 746 pars
280 672 334 728 ulla
344 674 454 742 domus3
476 681 527 728 stat
537 680 649 746 uterque
658 682 798 746 nepotum:

101 749 146 804 hio
155 749 230 803 aviae
241 747 314 804 lateri
324 748 478 821 proximus,
500 747 545 802 iile
555 750 648 820 patris.
826 763 864 805 tro

63 827 111 880 His
121 842 171 898 ego
183 823 217 880 do
226 823 302 880 toties
311 841 374 879 cum
384 831 442 879 tura
451 824 585 895 precantia
596 825 686 890 verba,

101 917 148 954 eoo
158 898 261 971 quoties
271 899 358 973 surgit
369 899 403 954 ab
412 899 476 954 orbe
485 899 552 953 dies.

63 976 141 1038 Tota,
164 974 359 1047 licetquaeras‚
380 975 430 1029 hoc
440 992 483 1028 ma
494 991 548 1030 non
558 973 658 1049 fingere
667 976 744 1039 dicet,

101 1049 181 1106 officii
194 1050 282 1114 tastis,
303 1049 409 1105 Pontica
420 1057 503 1115 terra,
524 1049 587 1105 mei.

62 1126 169 1182 Pontica
180 1143 224 1179 me
236 1124 328 1192 tellus,
349 1125 457 1197 quantis
468 1124 518 1180 hac
526 1142 672 1197 possumus
680 1145 735 1192 ora,
826 1141 864 1182 115

102 1200 215 1257 natalem
226 1199 297 1255 ludis
309 1200 360 1254 scit
371 1199 502 1255 celebrare
514 1200 567 1255 dei.

61 1279 118 1333 Nec
127 1276 218 1341 minus
227 1275 379 1349 hospitibus
387 1275 472 1347 pietas
482 1284 522 1330 est
531 1275 634 1350 cognita
644 1277 713 1343 talis,

100 1351 176 1406 misit
185 1352 213 1407 in
224 1351 272 1406 has
282 1351 306 1406 si
316 1368 385 1424 quos
395 1350 473 1425 longa
484 1351 624 1423 Propontis
635 1370 729 1424 aquas.

61 1431 217 1500 Isquoque,
238 1445 292 1500 quc
302 1426 394 1482 laevus
404 1426 489 1482 iuerat
498 1427 550 1482 sub
558 1427 679 1500 praeside
689 1431 798 1495 PontuS‚

44 1561 47 1565 ‚
99 1503 214 1558 audierit
223 1502 301 1558 irater
310 1502 421 1558 forsitan
430 1502 480 1558 ista
490 1510 563 1558 tuus.
825 1519 862 1560 tto

61 1581 179 1636 Fortuna
190 1579 325 1651 estimpar
335 1580 439 1645 animo,
460 1579 560 1652 talique
570 1577 682 1635 libenter

100 1654 212 1728 exiguas
222 1671 302 1726 carpo
312 1672 422 1710 munere
430 1673 532 1727 pauper
542 1673 619 1726 opes:

62 1746 114 1787 nec
122 1730 218 1785 vestris
228 1729 325 1785 damus
334 1731 399 1786 haec
408 1729 503 1796 oculis,
518 1729 610 1802 procul
621 1730 690 1785 Urbe
701 1731 791 1786 remoti
802 1751 807 1783 :

99 1805 216 1862 contenti
227 1806 303 1861 tacita
316 1805 363 1861 sed
372 1806 467 1878 pietate
479 1822 586 1861 sumuS.

59 1883 96 1938 Et
105 1889 195 1937 nmen
204 1882 269 1937 haec
277 1889 387 1958 tangent
396 1880 540 1954 aliquando
549 1879 668 1937 Caesaris
678 1899 765 1936 aures.
826 1895 862 1937 tta

99 1957 145 2013 Nil
154 1956 247 2023 illum,
267 1964 320 2014 toto
328 1957 401 2031 quod
410 1957 441 2012 fit
449 1957 478 2012 in
487 1957 564 2023 orbe,
586 1956 656 2012 latet.

60 2034 104 2089 Tu
114 2032 332 2100 contendebam,
353 2032 462 2106 Superis
472 2033 585 2098 adscite,
606 2033 744 2106 videsque‚

100 2107 212 2177 Caesam
233 2109 405 2164 utestcculis
415 2109 521 2165 subdita
532 2117 600 2164 terra
610 2110 673 2165 tuis.

61 2185 105 2240 Tu
115 2193 218 2241 nostras
228 2184 306 2241 audis
317 2184 386 2239 inter
394 2202 511 2240 convexa
522 2183 622 2240 locatus

101 2260 202 2325 sidera,
223 2258 336 2316 sollicito
345 2278 413 2332 quas
423 2260 520 2315 damus
529 2277 588 2326 ore,
609 2276 709 2332 preces.
826 2273 863 2313 rao

61 2337 223 2392 Perveniant
232 2336 301 2390 istuc
311 2343 336 2390 et
345 2335 462 2391 carmina
472 2335 581 2392 forsitan
591 2334 647 2400 illa,

49 2456 56 2471 .
99 2428 170 2486 quaa
180 2412 213 2467 da
225 2419 250 2466 ta
259 2411 321 2466 misi
334 2410 425 2467 coelite
437 2411 503 2466 facta
514 2429 592 2466 novo.

61 2489 189 2563 Auguror
198 2487 242 2542 bis
252 2486 334 2561 igitur
343 2485 409 2541 flecti
422 2495 467 2542 tua
480 2486 605 2543 numina:
627 2502 675 2541 neo
685 2492 713 2541 tu

101 2563 235 2619 immerito
245 2579 341 2618 nomen
351 2563 415 2618 mite
424 2562 542 2617 Parentis
552 2561 642 2616 habes.
