<?xml version="1.0" encoding="UTF-8"?>
<!DOCTYPE html PUBLIC "-//W3C//DTD XHTML 1.0 Transitional//EN"
    "http://www.w3.org/TR/xhtml1/DTD/xhtml1-transitional.dtd">
<html xmlns="http://www.w3.org/1999/xhtml" xml:lang="en" lang="en">
 <head>
  <title>
</title>
<meta http-equiv="Content-Type" content="text/html;charset=utf-8" />
  <meta name='ocr-system' content='tesseract 3.04.00' />
  <meta name='ocr-capabilities' content='ocr_page ocr_carea ocr_par ocr_line ocrx_word'/>
</head>
<body>
  <div class='ocr_page' id='page_1' title='image "./operaomnia00ovidgoog_0080.png"; bbox 0 0 1898 2970; ppageno 0'>
   <div class='ocr_carea' id='block_1_1' title="bbox 264 162 818 212">
    <p class='ocr_par' dir='ltr' id='par_1_1' title="bbox 264 162 818 212">
     <span class='ocr_line' id='line_1_1' title="bbox 264 162 818 212; baseline 0.002 -2"><span class='ocrx_word' id='word_1_1' title='bbox 264 164 476 212; x_wconf 79' lang='lat' dir='ltr'>FASTORUM</span> <span class='ocrx_word' id='word_1_2' title='bbox 495 165 566 211; x_wconf 74' lang='grc' dir='ltr'>ΜΒ.</span> <span class='ocrx_word' id='word_1_3' title='bbox 585 166 629 212; x_wconf 86' lang='lat'>111.</span> <span class='ocrx_word' id='word_1_4' title='bbox 786 162 818 211; x_wconf 78' lang='lat'>67</span> 
     </span>
    </p>
   </div>
   <div class='ocr_carea' id='block_1_2' title="bbox 68 263 877 1920">
    <p class='ocr_par' dir='ltr' id='par_1_2' title="bbox 68 263 877 1920">
     <span class='ocr_line' id='line_1_2' title="bbox 107 263 718 338; baseline 0.003 -17"><span class='ocrx_word' id='word_1_5' title='bbox 107 264 183 334; x_wconf 84' lang='lat' dir='ltr'>Quid</span> <span class='ocrx_word' id='word_1_6' title='bbox 191 263 275 321; x_wconf 82' lang='lat' dir='ltr'>lneie‘l</span> <span class='ocrx_word' id='word_1_7' title='bbox 302 264 450 337; x_wconf 77' lang='lat' dir='ltr'>Amplexus</span> <span class='ocrx_word' id='word_1_8' title='bbox 460 264 584 338; x_wconf 84' lang='lat' dir='ltr'>inquinat</span> <span class='ocrx_word' id='word_1_9' title='bbox 594 266 638 320; x_wconf 92' lang='lat' dir='ltr'>illa</span> <span class='ocrx_word' id='word_1_10' title='bbox 648 273 718 323; x_wconf 90' lang='lat' dir='ltr'>tuos.</span> 
     </span>
     <span class='ocr_line' id='line_1_3' title="bbox 68 339 818 413; baseline -0.004 -14"><span class='ocrx_word' id='word_1_11' title='bbox 68 340 184 410; x_wconf 69' lang='lat' dir='ltr'>Eunocho,</span> <span class='ocrx_word' id='word_1_12' title='bbox 199 340 280 396; x_wconf 86' lang='lat' dir='ltr'>fidem</span> <span class='ocrx_word' id='word_1_13' title='bbox 290 348 403 413; x_wconf 79' lang='lat' dir='ltr'>praesta,</span> <span class='ocrx_word' id='word_1_14' title='bbox 419 358 469 396; x_wconf 86' lang='lat' dir='ltr'>neo</span> <span class='ocrx_word' id='word_1_15' title='bbox 478 339 580 412; x_wconf 80' lang='lat' dir='ltr'>praefer</span> <span class='ocrx_word' id='word_1_16' title='bbox 590 341 725 398; x_wconf 86' lang='lat' dir='ltr'>amoribus</span> <span class='ocrx_word' id='word_1_17' title='bbox 736 342 818 396; x_wconf 83' lang='lat' dir='ltr'>ullam</span> 
     </span>
     <span class='ocr_line' id='line_1_4' title="bbox 107 415 706 491; baseline -0.003 -17"><span class='ocrx_word' id='word_1_18' title='bbox 107 416 242 491; x_wconf 74' lang='lat' dir='ltr'>coniugis.</span> <span class='ocrx_word' id='word_1_19' title='bbox 267 415 383 473; x_wconf 67' lang='lat' dir='ltr'>Assuevi</span> <span class='ocrx_word' id='word_1_20' title='bbox 395 432 501 488; x_wconf 78' lang='lat' dir='ltr'>semper</span> <span class='ocrx_word' id='word_1_21' title='bbox 510 433 599 471; x_wconf 81' lang='lat' dir='ltr'>amare</span> <span class='ocrx_word' id='word_1_22' title='bbox 608 417 706 472; x_wconf 83' lang='lat' dir='ltr'>virum.</span> 
     </span>
     <span class='ocr_line' id='line_1_5' title="bbox 71 490 660 571; baseline -0.008 -20"><span class='ocrx_word' id='word_1_23' title='bbox 71 491 218 571; x_wconf 84' lang='lat' dir='ltr'>[Ceperunt</span> <span class='ocrx_word' id='word_1_24' title='bbox 226 498 339 548; x_wconf 79' lang='lat' dir='ltr'>matrem</span> <span class='ocrx_word' id='word_1_25' title='bbox 349 490 457 547; x_wconf 80' lang='lat' dir='ltr'>formosi</span> <span class='ocrx_word' id='word_1_26' title='bbox 467 505 567 547; x_wconf 81' lang='lat' dir='ltr'>cornua</span> <span class='ocrx_word' id='word_1_27' title='bbox 577 492 660 561; x_wconf 81' lang='lat' dir='ltr'>teuri;</span> 
     </span>
     <span class='ocr_line' id='line_1_6' title="bbox 108 565 875 643; baseline -0.003 -19"><span class='ocrx_word' id='word_1_28' title='bbox 108 585 153 624; x_wconf 89' lang='lat' dir='ltr'>me</span> <span class='ocrx_word' id='word_1_29' title='bbox 162 575 224 623; x_wconf 82' lang='lat' dir='ltr'>tun:</span> <span class='ocrx_word' id='word_1_30' title='bbox 244 575 272 622; x_wconf 76' lang='lat' dir='ltr'>nt</span> <span class='ocrx_word' id='word_1_31' title='bbox 281 567 326 622; x_wconf 90' lang='lat' dir='ltr'>hie</span> <span class='ocrx_word' id='word_1_32' title='bbox 335 565 409 621; x_wconf 83' lang='lat' dir='ltr'>leudi</span> <span class='ocrx_word' id='word_1_33' title='bbox 418 575 467 633; x_wconf 89' lang='lat' dir='ltr'>est,</span> <span class='ocrx_word' id='word_1_34' title='bbox 489 565 534 621; x_wconf 92' lang='lat' dir='ltr'>ille</span> <span class='ocrx_word' id='word_1_35' title='bbox 543 565 686 639; x_wconf 86' lang='lat' dir='ltr'>pudendus</span> <span class='ocrx_word' id='word_1_36' title='bbox 696 568 790 643; x_wconf 70' lang='lat' dir='ltr'>amon]</span> <span class='ocrx_word' id='word_1_37' title='bbox 837 583 875 623; x_wconf 86' lang='lat'>500</span> 
     </span>
     <span class='ocr_line' id='line_1_7' title="bbox 71 641 818 715; baseline -0.003 -15"><span class='ocrx_word' id='word_1_38' title='bbox 71 645 112 700; x_wconf 90' lang='lat' dir='ltr'>Ne</span> <span class='ocrx_word' id='word_1_39' title='bbox 126 649 233 710; x_wconf 79' lang='lat' dir='ltr'>ueneat,</span> <span class='ocrx_word' id='word_1_40' title='bbox 254 641 329 715; x_wconf 90' lang='lat' dir='ltr'>quod</span> <span class='ocrx_word' id='word_1_41' title='bbox 343 658 417 697; x_wconf 81' lang='lat' dir='ltr'>ame:</span> <span class='ocrx_word' id='word_1_42' title='bbox 439 658 527 714; x_wconf 88' lang='lat' dir='ltr'>neque</span> <span class='ocrx_word' id='word_1_43' title='bbox 542 641 688 708; x_wconf 88' lang='lat' dir='ltr'>enimtibi,</span> <span class='ocrx_word' id='word_1_44' title='bbox 710 645 818 708; x_wconf 80' lang='lat' dir='ltr'>Bacche,</span> 
     </span>
     <span class='ocr_line' id='line_1_8' title="bbox 569 717 689 783; baseline -0.008 -10"><span class='ocrx_word' id='word_1_45' title='bbox 569 717 689 783; x_wconf 80' lang='lat' dir='ltr'>nocebat,</span> 
     </span>
     <span class='ocr_line' id='line_1_9' title="bbox 109 791 692 868; baseline -0.005 -18"><span class='ocrx_word' id='word_1_46' title='bbox 109 792 185 868; x_wconf 86' lang='lat' dir='ltr'>qued</span> <span class='ocrx_word' id='word_1_47' title='bbox 192 792 315 849; x_wconf 79' lang='lat' dir='ltr'><strong>flammas</strong></span> <span class='ocrx_word' id='word_1_48' title='bbox 326 791 403 848; x_wconf 88' lang='lat' dir='ltr'>nobis</span> <span class='ocrx_word' id='word_1_49' title='bbox 413 791 501 847; x_wconf 84' lang='lat' dir='ltr'>fessus</span> <span class='ocrx_word' id='word_1_50' title='bbox 510 810 539 847; x_wconf 88' lang='lat' dir='ltr'>es</span> <span class='ocrx_word' id='word_1_51' title='bbox 551 792 610 865; x_wconf 88' lang='lat' dir='ltr'>ipse</span> <span class='ocrx_word' id='word_1_52' title='bbox 621 800 692 847; x_wconf 74' lang='lat' dir='ltr'>tues.</span> 
     </span>
     <span class='ocr_line' id='line_1_10' title="bbox 72 867 796 943; baseline -0.004 -17"><span class='ocrx_word' id='word_1_53' title='bbox 72 872 136 937; x_wconf 89' lang='lat' dir='ltr'>Nee,</span> <span class='ocrx_word' id='word_1_54' title='bbox 156 868 291 943; x_wconf 79' lang='lat' dir='ltr'>quodnos</span> <span class='ocrx_word' id='word_1_55' title='bbox 299 868 367 934; x_wconf 85' lang='lat' dir='ltr'>uris,</span> <span class='ocrx_word' id='word_1_56' title='bbox 389 867 575 923; x_wconf 85' lang='lat' dir='ltr'>mirumlncis.</span> <span class='ocrx_word' id='word_1_57' title='bbox 606 867 687 923; x_wconf 81' lang='lat' dir='ltr'>Ortus</span> <span class='ocrx_word' id='word_1_58' title='bbox 697 869 725 923; x_wconf 91' lang='lat' dir='ltr'>in</span> <span class='ocrx_word' id='word_1_59' title='bbox 735 868 796 942; x_wconf 84' lang='lat' dir='ltr'>igne</span> 
     </span>
     <span class='ocr_line' id='line_1_11' title="bbox 109 943 674 1016; baseline -0.007 -15"><span class='ocrx_word' id='word_1_60' title='bbox 109 944 218 1010; x_wconf 78' lang='lat' dir='ltr'>diceris,</span> <span class='ocrx_word' id='word_1_61' title='bbox 238 951 265 1000; x_wconf 85' lang='lat' dir='ltr'>et</span> <span class='ocrx_word' id='word_1_62' title='bbox 272 943 357 1016; x_wconf 79' lang='lat' dir='ltr'>petrin</span> <span class='ocrx_word' id='word_1_63' title='bbox 364 951 457 1016; x_wconf 82' lang='lat' dir='ltr'>raptus</span> <span class='ocrx_word' id='word_1_64' title='bbox 468 944 501 997; x_wconf 87' lang='lat' dir='ltr'>ab</span> <span class='ocrx_word' id='word_1_65' title='bbox 510 943 572 1016; x_wconf 83' lang='lat' dir='ltr'>igne</span> <span class='ocrx_word' id='word_1_66' title='bbox 581 961 674 998; x_wconf 86' lang='lat' dir='ltr'>manu.</span> 
     </span>
     <span class='ocr_line' id='line_1_12' title="bbox 74 1018 875 1107; baseline -0.005 -31"><span class='ocrx_word' id='word_1_67' title='bbox 74 1021 120 1076; x_wconf 84' lang='lat' dir='ltr'>llle</span> <span class='ocrx_word' id='word_1_68' title='bbox 128 1038 181 1107; x_wconf 67' lang='lat' dir='ltr'>ego</span> <span class='ocrx_word' id='word_1_69' title='bbox 189 1036 263 1086; x_wconf 84' lang='lat' dir='ltr'>eum,</span> <span class='ocrx_word' id='word_1_70' title='bbox 283 1018 366 1074; x_wconf 83' lang='lat' dir='ltr'>cuitu</span> <span class='ocrx_word' id='word_1_71' title='bbox 375 1018 470 1074; x_wconf 89' lang='lat' dir='ltr'>solitus</span> <span class='ocrx_word' id='word_1_72' title='bbox 479 1018 631 1090; x_wconf 87' lang='lat' dir='ltr'>promittere</span> <span class='ocrx_word' id='word_1_73' title='bbox 640 1018 754 1074; x_wconf 88' lang='lat' dir='ltr'>eoelum.</span> <span class='ocrx_word' id='word_1_74' title='bbox 838 1033 875 1072; x_wconf 93' lang='lat'>505</span> 
     </span>
     <span class='ocr_line' id='line_1_13' title="bbox 109 1092 658 1167; baseline -0.004 -15"><span class='ocrx_word' id='word_1_75' title='bbox 109 1097 159 1153; x_wconf 78' lang='lat' dir='ltr'>Heu</span> <span class='ocrx_word' id='word_1_76' title='bbox 170 1094 250 1163; x_wconf 85' lang='lat' dir='ltr'>mihi,</span> <span class='ocrx_word' id='word_1_77' title='bbox 268 1111 318 1167; x_wconf 88' lang='lat' dir='ltr'>pro</span> <span class='ocrx_word' id='word_1_78' title='bbox 327 1093 399 1151; x_wconf 85' lang='lat' dir='ltr'>eoelo</span> <span class='ocrx_word' id='word_1_79' title='bbox 410 1092 500 1166; x_wconf 85' lang='lat' dir='ltr'>qualia</span> <span class='ocrx_word' id='word_1_80' title='bbox 510 1094 579 1149; x_wconf 81' lang='lat' dir='ltr'>dena</span> <span class='ocrx_word' id='word_1_81' title='bbox 589 1093 658 1151; x_wconf 82' lang='lat' dir='ltr'>ferei</span> 
     </span>
     <span class='ocr_line' id='line_1_14' title="bbox 73 1166 736 1242; baseline -0.003 -16"><span class='ocrx_word' id='word_1_82' title='bbox 73 1173 194 1228; x_wconf 79' lang='lat' dir='ltr'>Dixerat:</span> <span class='ocrx_word' id='word_1_83' title='bbox 215 1166 334 1227; x_wconf 79' lang='lat' dir='ltr'>audieret</span> <span class='ocrx_word' id='word_1_84' title='bbox 343 1169 501 1225; x_wconf 82' lang='lat' dir='ltr'>iamdudum</span> <span class='ocrx_word' id='word_1_85' title='bbox 512 1170 591 1224; x_wconf 83' lang='lat' dir='ltr'>verba</span> <span class='ocrx_word' id='word_1_86' title='bbox 601 1172 736 1242; x_wconf 78' lang='lat' dir='ltr'><strong>querentis</strong></span> 
     </span>
     <span class='ocr_line' id='line_1_15' title="bbox 110 1244 631 1320; baseline -0.002 -18"><span class='ocrx_word' id='word_1_87' title='bbox 110 1247 206 1312; x_wconf 83' lang='lat' dir='ltr'>Liber,</span> <span class='ocrx_word' id='word_1_88' title='bbox 226 1253 364 1320; x_wconf 80' lang='lat' dir='ltr'>utetergo</span> <span class='ocrx_word' id='word_1_89' title='bbox 374 1244 440 1301; x_wconf 88' lang='lat' dir='ltr'>lorte</span> <span class='ocrx_word' id='word_1_90' title='bbox 449 1253 557 1300; x_wconf 79' lang='lat' dir='ltr'>secutus</span> <span class='ocrx_word' id='word_1_91' title='bbox 567 1254 631 1301; x_wconf 81' lang='lat' dir='ltr'>eret.</span> 
     </span>
     <span class='ocr_line' id='line_1_16' title="bbox 74 1319 799 1395; baseline -0.007 -16"><span class='ocrx_word' id='word_1_92' title='bbox 74 1319 342 1395; x_wconf 63' lang='lat' dir='ltr'>Occupatamptexu</span> <span class='ocrx_word' id='word_1_93' title='bbox 363 1319 540 1392; x_wconf 78' lang='lat' dir='ltr'>lacrimasque</span> <span class='ocrx_word' id='word_1_94' title='bbox 548 1337 595 1393; x_wconf 85' lang='lat' dir='ltr'>per</span> <span class='ocrx_word' id='word_1_95' title='bbox 603 1320 692 1377; x_wconf 84' lang='lat' dir='ltr'>osenla</span> <span class='ocrx_word' id='word_1_96' title='bbox 706 1321 799 1375; x_wconf 79' lang='lat' dir='ltr'>siccet:</span> 
     </span>
     <span class='ocr_line' id='line_1_17' title="bbox 111 1395 877 1466; baseline -0.005 -13"><span class='ocrx_word' id='word_1_97' title='bbox 111 1406 148 1466; x_wconf 87' lang='lat' dir='ltr'>et,</span> <span class='ocrx_word' id='word_1_98' title='bbox 169 1395 270 1452; x_wconf 82' lang='lat' dir='ltr'>Pariter</span> <span class='ocrx_word' id='word_1_99' title='bbox 278 1395 343 1452; x_wconf 81' lang='lat' dir='ltr'>coeli</span> <span class='ocrx_word' id='word_1_100' title='bbox 354 1413 461 1450; x_wconf 86' lang='lat' dir='ltr'>summa</span> <span class='ocrx_word' id='word_1_101' title='bbox 471 1402 603 1466; x_wconf 83' lang='lat' dir='ltr'>petamus,</span> <span class='ocrx_word' id='word_1_102' title='bbox 625 1397 670 1451; x_wconf 85' lang='lat' dir='ltr'>eit.</span> <span class='ocrx_word' id='word_1_103' title='bbox 838 1409 877 1449; x_wconf 86' lang='lat'>510</span> 
     </span>
     <span class='ocr_line' id='line_1_18' title="bbox 75 1470 820 1536; baseline -0.001 -9"><span class='ocrx_word' id='word_1_104' title='bbox 75 1474 115 1529; x_wconf 88' lang='lat' dir='ltr'>Tu</span> <span class='ocrx_word' id='word_1_105' title='bbox 126 1471 197 1527; x_wconf 89' lang='lat' dir='ltr'>mihi</span> <span class='ocrx_word' id='word_1_106' title='bbox 206 1471 297 1528; x_wconf 81' lang='lat' dir='ltr'>iuncta</span> <span class='ocrx_word' id='word_1_107' title='bbox 305 1479 377 1536; x_wconf 80' lang='lat' dir='ltr'>tero.</span> <span class='ocrx_word' id='word_1_108' title='bbox 398 1471 465 1527; x_wconf 89' lang='lat' dir='ltr'>mihi</span> <span class='ocrx_word' id='word_1_109' title='bbox 477 1471 566 1527; x_wconf 81' lang='lat' dir='ltr'>iuncte</span> <span class='ocrx_word' id='word_1_110' title='bbox 578 1470 705 1526; x_wconf 82' lang='lat' dir='ltr'>vocabula</span> <span class='ocrx_word' id='word_1_111' title='bbox 714 1489 820 1526; x_wconf 86' lang='lat' dir='ltr'>sumes:</span> 
     </span>
     <span class='ocr_line' id='line_1_19' title="bbox 112 1546 633 1603; baseline -0.002 0"><span class='ocrx_word' id='word_1_112' title='bbox 112 1549 168 1603; x_wconf 83' lang='lat' dir='ltr'>iem</span> <span class='ocrx_word' id='word_1_113' title='bbox 177 1546 226 1602; x_wconf 86' lang='lat' dir='ltr'>tibi</span> <span class='ocrx_word' id='word_1_114' title='bbox 235 1552 352 1602; x_wconf 80' lang='lat' dir='ltr'>mutatae</span> <span class='ocrx_word' id='word_1_115' title='bbox 361 1546 456 1601; x_wconf 76' lang='lat' dir='ltr'>libera</span> <span class='ocrx_word' id='word_1_116' title='bbox 467 1564 564 1602; x_wconf 89' lang='lat' dir='ltr'>nomen</span> <span class='ocrx_word' id='word_1_117' title='bbox 574 1548 633 1602; x_wconf 87' lang='lat' dir='ltr'>erit.</span> 
     </span>
     <span class='ocr_line' id='line_1_20' title="bbox 75 1620 769 1697; baseline -0.006 -18"><span class='ocrx_word' id='word_1_118' title='bbox 75 1624 190 1697; x_wconf 83' lang='lat' dir='ltr'>Sintque</span> <span class='ocrx_word' id='word_1_119' title='bbox 198 1629 259 1678; x_wconf 82' lang='lat' dir='ltr'>tuae</span> <span class='ocrx_word' id='word_1_120' title='bbox 269 1630 357 1677; x_wconf 90' lang='lat' dir='ltr'>tecum</span> <span class='ocrx_word' id='word_1_121' title='bbox 367 1620 461 1677; x_wconf 79' lang='lat' dir='ltr'>faciam</span> <span class='ocrx_word' id='word_1_122' title='bbox 473 1623 636 1677; x_wconf 76' lang='lat' dir='ltr'>monimenta</span> <span class='ocrx_word' id='word_1_123' title='bbox 645 1639 769 1687; x_wconf 83' lang='lat' dir='ltr'>coronae;</span> 
     </span>
     <span class='ocr_line' id='line_1_21' title="bbox 112 1696 684 1769; baseline -0.01 -14"><span class='ocrx_word' id='word_1_124' title='bbox 112 1697 254 1755; x_wconf 70' lang='lat' dir='ltr'>Vulcanus</span> <span class='ocrx_word' id='word_1_125' title='bbox 262 1697 359 1753; x_wconf 85' lang='lat' dir='ltr'>Veneri</span> <span class='ocrx_word' id='word_1_126' title='bbox 369 1714 452 1769; x_wconf 85' lang='lat' dir='ltr'>quam</span> <span class='ocrx_word' id='word_1_127' title='bbox 461 1697 548 1762; x_wconf 86' lang='lat' dir='ltr'>dedit,</span> <span class='ocrx_word' id='word_1_128' title='bbox 569 1696 684 1751; x_wconf 86' lang='lat' dir='ltr'>illatibi.</span> 
     </span>
     <span class='ocr_line' id='line_1_22' title="bbox 75 1770 877 1849; baseline -0.002 -20"><span class='ocrx_word' id='word_1_129' title='bbox 75 1772 226 1829; x_wconf 75' lang='lat' dir='ltr'>Dietafncit:</span> <span class='ocrx_word' id='word_1_130' title='bbox 236 1788 412 1849; x_wconf 75' lang='lat' dir='ltr'>gemmasque</span> <span class='ocrx_word' id='word_1_131' title='bbox 418 1790 512 1828; x_wconf 89' lang='lat' dir='ltr'>novem</span> <span class='ocrx_word' id='word_1_132' title='bbox 523 1771 692 1826; x_wconf 80' lang='lat' dir='ltr'>transformat</span> <span class='ocrx_word' id='word_1_133' title='bbox 700 1770 727 1825; x_wconf 87' lang='lat' dir='ltr'>in</span> <span class='ocrx_word' id='word_1_134' title='bbox 736 1772 820 1845; x_wconf 79' lang='lat' dir='ltr'>ignes.</span> <span class='ocrx_word' id='word_1_135' title='bbox 839 1786 877 1827; x_wconf 82' lang='lat'>515</span> 
     </span>
     <span class='ocr_line' id='line_1_23' title="bbox 113 1845 707 1920; baseline -0.008 -15"><span class='ocrx_word' id='word_1_136' title='bbox 113 1849 202 1905; x_wconf 76' lang='lat' dir='ltr'>Aurea</span> <span class='ocrx_word' id='word_1_137' title='bbox 212 1864 261 1920; x_wconf 84' lang='lat' dir='ltr'>per</span> <span class='ocrx_word' id='word_1_138' title='bbox 270 1846 359 1903; x_wconf 80' lang='lat' dir='ltr'>stellae</span> <span class='ocrx_word' id='word_1_139' title='bbox 372 1864 446 1904; x_wconf 88' lang='lat' dir='ltr'>nune</span> <span class='ocrx_word' id='word_1_140' title='bbox 456 1846 537 1903; x_wconf 84' lang='lat' dir='ltr'>micet</span> <span class='ocrx_word' id='word_1_141' title='bbox 546 1845 592 1901; x_wconf 86' lang='lat' dir='ltr'>ille</span> <span class='ocrx_word' id='word_1_142' title='bbox 603 1864 707 1903; x_wconf 89' lang='lat' dir='ltr'>novem.</span> 
     </span>
    </p>
   </div>
   <div class='ocr_carea' id='block_1_3' title="bbox 76 1958 878 2414">
    <p class='ocr_par' dir='ltr' id='par_1_3' title="bbox 76 1958 878 2414">
     <span class='ocr_line' id='line_1_24' title="bbox 76 1958 820 2038; baseline -0.004 -17"><span class='ocrx_word' id='word_1_143' title='bbox 76 1958 136 2022; x_wconf 85' lang='lat' dir='ltr'>Sex</span> <span class='ocrx_word' id='word_1_144' title='bbox 144 1964 192 2021; x_wconf 91' lang='lat' dir='ltr'>ubi</span> <span class='ocrx_word' id='word_1_145' title='bbox 201 1963 349 2030; x_wconf 78' lang='lat' dir='ltr'>sustulerit,</span> <span class='ocrx_word' id='word_1_146' title='bbox 371 1965 820 2038; x_wconf 68' lang='lat' dir='ltr'>totidemquequemerseritoriies,</span> 
     </span>
     <span class='ocr_line' id='line_1_25' title="bbox 114 2040 687 2114; baseline -0.002 -17"><span class='ocrx_word' id='word_1_147' title='bbox 114 2042 285 2114; x_wconf 84' lang='lat' dir='ltr'>Purpureum</span> <span class='ocrx_word' id='word_1_148' title='bbox 296 2040 389 2112; x_wconf 82' lang='lat' dir='ltr'>rapido</span> <span class='ocrx_word' id='word_1_149' title='bbox 399 2041 447 2113; x_wconf 92' lang='lat' dir='ltr'>qui</span> <span class='ocrx_word' id='word_1_150' title='bbox 457 2040 531 2096; x_wconf 86' lang='lat' dir='ltr'>vehit</span> <span class='ocrx_word' id='word_1_151' title='bbox 543 2059 592 2096; x_wconf 83' lang='lat' dir='ltr'>exe</span> <span class='ocrx_word' id='word_1_152' title='bbox 602 2041 687 2109; x_wconf 80' lang='lat' dir='ltr'>diem3</span> 
     </span>
     <span class='ocr_line' id='line_1_26' title="bbox 76 2115 683 2192; baseline -0.003 -21"><span class='ocrx_word' id='word_1_153' title='bbox 76 2115 157 2172; x_wconf 75' lang='lat' dir='ltr'>altere</span> <span class='ocrx_word' id='word_1_154' title='bbox 164 2116 305 2192; x_wconf 76' lang='lat' dir='ltr'>gramineo</span> <span class='ocrx_word' id='word_1_155' title='bbox 313 2116 443 2187; x_wconf 73' lang='lat' dir='ltr'><strong>spectabis</strong></span> <span class='ocrx_word' id='word_1_156' title='bbox 453 2117 565 2188; x_wconf 82' lang='lat' dir='ltr'>Equiria</span> <span class='ocrx_word' id='word_1_157' title='bbox 577 2133 683 2187; x_wconf 79' lang='lat' dir='ltr'>eampo,</span> 
     </span>
     <span class='ocr_line' id='line_1_27' title="bbox 113 2190 878 2281; baseline -0.004 -32"><span class='ocrx_word' id='word_1_158' title='bbox 113 2208 196 2281; x_wconf 70' lang='lat' dir='ltr'>quem</span> <span class='ocrx_word' id='word_1_159' title='bbox 205 2190 309 2247; x_wconf 82' lang='lat' dir='ltr'>&#39;liberis</span> <span class='ocrx_word' id='word_1_160' title='bbox 319 2191 409 2246; x_wconf 81' lang='lat' dir='ltr'>curvis</span> <span class='ocrx_word' id='word_1_161' title='bbox 421 2192 449 2246; x_wconf 89' lang='lat' dir='ltr'>in</span> <span class='ocrx_word' id='word_1_162' title='bbox 460 2190 530 2245; x_wconf 85' lang='lat' dir='ltr'>letus</span> <span class='ocrx_word' id='word_1_163' title='bbox 540 2198 617 2263; x_wconf 82' lang='lat' dir='ltr'>urget</span> <span class='ocrx_word' id='word_1_164' title='bbox 626 2192 714 2263; x_wconf 82' lang='lat' dir='ltr'>aquis.</span> <span class='ocrx_word' id='word_1_165' title='bbox 840 2206 878 2246; x_wconf 76' lang='lat'>520</span> 
     </span>
     <span class='ocr_line' id='line_1_28' title="bbox 76 2265 667 2335; baseline -0.007 -12"><span class='ocrx_word' id='word_1_166' title='bbox 76 2266 130 2335; x_wconf 82' lang='lat' dir='ltr'>Qun</span> <span class='ocrx_word' id='word_1_167' title='bbox 139 2275 230 2323; x_wconf 78' lang='lat' dir='ltr'>temen</span> <span class='ocrx_word' id='word_1_168' title='bbox 239 2266 319 2322; x_wconf 79' lang='lat' dir='ltr'>eiecta</span> <span class='ocrx_word' id='word_1_169' title='bbox 328 2267 351 2320; x_wconf 84' lang='lat' dir='ltr'>si</span> <span class='ocrx_word' id='word_1_170' title='bbox 362 2265 427 2322; x_wconf 83' lang='lat' dir='ltr'>forte</span> <span class='ocrx_word' id='word_1_171' title='bbox 436 2266 568 2320; x_wconf 85' lang='lat' dir='ltr'>tenebitur</span> <span class='ocrx_word' id='word_1_172' title='bbox 580 2266 667 2334; x_wconf 82' lang='lat' dir='ltr'>unde;</span> 
     </span>
     <span class='ocr_line' id='line_1_29' title="bbox 114 2340 660 2414; baseline -0.007 -14"><span class='ocrx_word' id='word_1_173' title='bbox 114 2342 222 2400; x_wconf 79' lang='lat' dir='ltr'>Coelius</span> <span class='ocrx_word' id='word_1_174' title='bbox 231 2342 341 2414; x_wconf 80' lang='lat' dir='ltr'>aecipiat</span> <span class='ocrx_word' id='word_1_175' title='bbox 352 2340 557 2414; x_wconf 82' lang='lat' dir='ltr'>pulverulentus</span> <span class='ocrx_word' id='word_1_176' title='bbox 567 2358 660 2412; x_wconf 90' lang='lat' dir='ltr'>equos.</span> 
     </span>
    </p>
   </div>
   <div class='ocr_carea' id='block_1_4' title="bbox 75 2444 917 2772">
    <p class='ocr_par' dir='ltr' id='par_1_4' title="bbox 75 2444 704 2600">
     <span class='ocr_line' id='line_1_30' title="bbox 75 2444 699 2525; baseline -0.002 -16"><span class='ocrx_word' id='word_1_177' title='bbox 75 2444 173 2509; x_wconf 82' lang='lat' dir='ltr'>Idibus</span> <span class='ocrx_word' id='word_1_178' title='bbox 183 2458 225 2508; x_wconf 83' lang='lat' dir='ltr'>est</span> <span class='ocrx_word' id='word_1_179' title='bbox 235 2451 329 2507; x_wconf 78' lang='lat' dir='ltr'>Annae</span> <span class='ocrx_word' id='word_1_180' title='bbox 337 2449 435 2506; x_wconf 80' lang='lat' dir='ltr'>festum</span> <span class='ocrx_word' id='word_1_181' title='bbox 445 2450 549 2525; x_wconf 81' lang='lat' dir='ltr'>geniale</span> <span class='ocrx_word' id='word_1_182' title='bbox 558 2453 699 2519; x_wconf 83' lang='lat' dir='ltr'>Perennae,</span> 
     </span>
     <span class='ocr_line' id='line_1_31' title="bbox 114 2525 704 2600; baseline 0.01 -17"><span class='ocrx_word' id='word_1_183' title='bbox 114 2525 387 2600; x_wconf 82' lang='lat' dir='ltr'>nonproculeripis,</span> <span class='ocrx_word' id='word_1_184' title='bbox 409 2526 613 2599; x_wconf 76' lang='lat' dir='ltr'>advenalerl,</span> <span class='ocrx_word' id='word_1_185' title='bbox 634 2530 704 2589; x_wconf 78' lang='lat' dir='ltr'>tuis.</span> 
     </span>
    </p>

    <p class='ocr_par' dir='ltr' id='par_1_5' title="bbox 75 2602 917 2689">
     <span class='ocr_line' id='line_1_32' title="bbox 75 2602 917 2689; baseline -0.011 -31"><span class='ocrx_word' id='word_1_186' title='bbox 75 2603 154 2658; x_wconf 78' lang='lat' dir='ltr'>Plebs</span> <span class='ocrx_word' id='word_1_187' title='bbox 165 2602 242 2667; x_wconf 79' lang='lat' dir='ltr'>venit,</span> <span class='ocrx_word' id='word_1_188' title='bbox 262 2620 295 2657; x_wconf 84' lang='lat' dir='ltr'>ee</span> <span class='ocrx_word' id='word_1_189' title='bbox 304 2602 405 2661; x_wconf 75' lang='lat' dir='ltr'>virides</span> <span class='ocrx_word' id='word_1_190' title='bbox 412 2607 523 2681; x_wconf 81' lang='lat' dir='ltr'>passim</span> <span class='ocrx_word' id='word_1_191' title='bbox 534 2607 654 2671; x_wconf 82' lang='lat' dir='ltr'>dieieete</span> <span class='ocrx_word' id='word_1_192' title='bbox 661 2605 832 2689; x_wconf 67' lang='lat' dir='ltr'>nenneninue</span> <span class='ocrx_word' id='word_1_193' title='bbox 869 2610 917 2651; x_wconf 60' lang='lat'>505</span> 
     </span>
    </p>

    <p class='ocr_par' dir='ltr' id='par_1_6' title="bbox 93 2680 767 2772">
     <span class='ocr_line' id='line_1_33' title="bbox 93 2680 767 2772; baseline -0.013 -22"><span class='ocrx_word' id='word_1_194' title='bbox 93 2682 179 2743; x_wconf 55' lang='lat' dir='ltr'>imme</span> <span class='ocrx_word' id='word_1_195' title='bbox 201 2682 230 2750; x_wconf 52' lang='grc' dir='ltr'>θ(</span> <span class='ocrx_word' id='word_1_196' title='bbox 235 2680 364 2736; x_wconf 74' lang='lat' dir='ltr'>⁸0⁶¹1111b1&#39;</span> <span class='ocrx_word' id='word_1_197' title='bbox 366 2690 375 2737; x_wconf 81' lang='lat' dir='ltr'>l</span> <span class='ocrx_word' id='word_1_198' title='bbox 386 2702 454 2744; x_wconf 88' lang='lat' dir='ltr'>cum</span> <span class='ocrx_word' id='word_1_199' title='bbox 467 2707 538 2767; x_wconf 84' lang='lat' dir='ltr'>pure</span> <span class='ocrx_word' id='word_1_200' title='bbox 550 2693 684 2772; x_wconf 81' lang='lat' dir='ltr'>quisque</span> <span class='ocrx_word' id='word_1_201' title='bbox 696 2708 767 2747; x_wconf 75' lang='lat' dir='ltr'>sue.</span> 
     </span>
    </p>
   </div>
   <div class='ocr_carea' id='block_1_5' title="bbox 0 0 962 2970">
    <p class='ocr_par' dir='ltr' id='par_1_7' title="bbox 0 0 962 2970">
     <span class='ocr_line' id='line_1_34' title="bbox 0 0 962 2970; baseline 0 0"><span class='ocrx_word' id='word_1_202' title='bbox 0 0 962 2970; x_wconf 95' lang='lat' dir='ltr'> </span> 
     </span>
    </p>
   </div>
  </div>
 </body>
</html>
