1898 2970
272 104 485 159 F'Asuouuu
503 110 573 158 LIB.
592 109 613 157 I.
785 106 817 160 11

69 207 206 267 Fluminis
215 209 261 267 illa
275 211 358 280 latus,
379 213 423 268 cui
433 220 497 269 sunt
506 212 572 269 vada
582 212 671 267 iuncta
682 212 796 280 Terenti,

108 285 229 360 adspicit,
250 295 277 344 et
284 305 391 362 sparsas
403 305 452 362 per
461 288 517 344 1555
526 287 582 344 sola
590 287 676 344 casas:

70 362 160 437 thue
168 371 236 432 emt,
257 364 389 420 immissis
398 381 518 437 puppem
527 363 598 420 stetit
607 371 668 419 ante
676 363 794 438 capillis3

108 438 294 513 continuitque
304 457 415 496 manum
425 448 499 497 torva
509 439 623 514 regentis
633 439 695 495 iter:

70 524 96 571 et
105 513 199 588 procul
208 515 238 571 in
247 515 368 572 dextram
378 516 490 572 tendens
500 533 551 571 sua
560 514 668 569 brachia
678 517 774 586 ripam,
834 525 874 567 555

109 592 189 664 pinea
198 609 252 648 non
263 609 329 648 eane
338 599 377 648 ter
384 590 452 664 pede
461 598 532 648 texta
541 588 614 646 ierit:

71 683 139 722 neve
148 666 221 723 daret
230 665 331 722 saltum
338 684 484 740 properans
492 665 616 722 insistere
626 663 708 736 ripae,

110 743 158 798 vix
167 750 207 798 est
215 742 335 799 Evandri
345 742 446 816 vixque
454 748 554 798 retenta
563 757 663 796 manu:

71 819 158 891 Dique
169 816 324 890 petitorum,
344 818 427 884 dixit,
447 816 546 873 salvete
556 814 692 886 loentum,

108 901 194 966 tuque
203 910 288 949 noves
296 891 369 948 melo
378 900 446 947 terra
455 890 550 947 datura
560 890 638 945 deos:
837 899 875 943 515

70 968 240 1039 fluminaque
249 974 275 1022 et
284 965 380 1033 inntes,
400 967 503 1039 quihus
512 965 598 1020 utitur
607 963 712 1036 hospita
723 961 812 1028 tellus,

107 1051 133 1099 et
143 1059 285 1098 nemorum
296 1041 440 1116 nymphae,
460 1039 647 1112 Naiadumque
656 1038 744 1107 eheri3

69 1125 125 1176 este
134 1117 214 1174 honis
223 1116 321 1173 avibus
331 1116 405 1172 visae
417 1123 532 1189 natoque
542 1115 678 1187 mihique:

108 1194 223 1265 ripaque
231 1191 301 1247 felici
311 1199 378 1248 taeta
387 1190 424 1247 sit
435 1192 486 1247 ista
498 1190 576 1264 pede.

70 1266 179 1325 Fallor‘i
197 1266 272 1322 anhi
281 1266 346 1322 fient
355 1268 473 1342 ingentia
482 1265 588 1323 moenia
596 1264 696 1321 eolles?
839 1276 877 1317 515

111 1345 226 1413 iuraque
235 1340 269 1396 ah
278 1341 329 1396 hac
338 1349 406 1396 terra
415 1348 515 1397 caetera
526 1348 594 1396 term
604 1337 692 1413 petet?

71 1417 211 1477 Montibus
221 1415 265 1469 his
274 1414 340 1471 olim
350 1422 421 1472 tetus
431 1415 597 1488 promittitur
605 1415 688 1472 orbis.

109 1491 178 1561 Quis
187 1498 292 1547 tantum
303 1487 447 1547 15555555
458 1491 556 1548 hahere
565 1488 674 1548 locum?

71 1572 106 1626 Et
116 1570 171 1624 iam
182 1565 330 1622 Dardaniae
337 1573 447 1642 tangent
454 1567 521 1623 hren
530 1566 617 1624 littora
627 1567 719 1639 pinus.

110 1641 568 1715 Hirquequeeaussanoviiemim
578 1641 739 1699 Martiserit.
841 1654 879 1695 555

72 1720 242 1790 Carenepos,
262 1715 346 1784 Palla,
366 1716 471 1774 funesta
480 1717 550 1790 quid
560 1716 653 1773 induis
662 1715 755 1772 arma?

111 1792 210 1849 Indue:
231 1809 285 1849 non
296 1791 396 1849 humili
407 1790 512 1848 vindice
523 1808 618 1848 caesus
627 1791 690 1846 eris.

76 1868 150 1927 Victa
157 1874 247 1925 tamen
257 1867 359 1935 vineas,
380 1884 525 1941 eversaque
536 1866 614 1924 Tmia
624 1883 756 1942 resurges.

113 1941 214 2001 Obruet
221 1942 332 2000 hostiles
342 1942 393 1999 ista
405 1943 484 2000 ruina
492 1943 595 2001 domos.

75 2021 148 2080 Urite
157 2019 278 2076 victrices
288 2020 423 2093 Neptunia
431 2021 560 2096 Pergama
568 2019 706 2087 flammae;
841 2030 879 2071 555

113 2113 187 2156 nunc
196 2094 285 2152 minor
293 2094 348 2162 hie,
369 2103 423 2152 tote
432 2102 472 2150 est
480 2094 556 2151 altior
565 2094 629 2150 orbe
636 2093 716 2149 einis.

76 2171 205 2246 lampius
215 2173 318 2228 Aeneas
328 2187 418 2237 saera,
438 2178 477 2239 et,
498 2167 671 2236 saeraaltera,
691 2176 804 2241 patrem,

114 2249 217 2306 afferet:
238 2246 332 2304 Iliacos
343 2246 447 2319 accipe,
466 2245 561 2312 Vesta,
581 2245 655 2302 dens.

76 2327 196 2399 Tempus
205 2323 264 2390 erit,
282 2340 370 2396 quum
379 2341 428 2378 vos
438 2321 585 2395 orbemque
593 2319 711 2377 tuebitur
719 2319 805 2376 idem:

115 2408 141 2456 et
149 2401 215 2456 fient
224 2399 284 2472 ipso
293 2416 368 2455 55555
379 2396 480 2471 nolente
489 2397 553 2455 deo:
843 2404 882 2446 555

77 2486 103 2535 et
111 2493 195 2552 penes
205 2473 343 2564 Augustos
352 2475 454 2548 patriae
464 2471 545 2529 tutela
558 2470 685 2528 manebit.

115 2554 191 2610 Hane
202 2548 244 2608 ras
252 2549 360 2624 imperii
369 2549 444 2605 frena
453 2556 541 2604 tenere
549 2547 676 2605 domum⁴

78 2627 144 2686 [ude
153 2643 237 2700 nepos
246 2625 453 2704 natusquede‘r,
469 2623 748 2699 rumunnense,

117 2709 193 2772 555.
210 2711 240 2770 u
256 2713 303 2774 111.
728 2695 762 2748 h
