1898 2970
142 218 191 273 2l8
331 219 359 264 P.
381 217 509 265 ovlnn
526 214 695 264 NASONIS

179 340 232 379 non
243 319 309 378 soret
318 327 448 396 angustae
458 337 530 376 mors
539 326 585 375 tua
595 319 699 377 crimen
708 336 804 393 aquas.

142 400 211 456 Tum
223 414 310 470 neque
319 414 349 452 sa
357 396 439 469 pandi
447 402 562 469 possunt
571 394 713 468 delphinas
726 395 755 453 in
766 412 842 453 auras
926 420 929 425 ·

180 473 283 530 tollere:
305 480 430 530 conantes
440 471 507 528 dura
517 474 617 527 coiisset
626 471 729 528 hiems:

88 560 114 608 ts
142 558 168 607 ct
176 549 303 623 quamvis
312 546 407 607 Boreas
417 548 518 603 iactatis
532 549 638 605 insonet
647 545 708 614 slis,

180 626 276 682 ssuctus
286 625 314 680 in
324 625 433 680 obsesso
442 624 548 698 gurgite
559 621 652 680 nullus
662 621 727 679 crit:

144 701 316 774 inclusaeque
326 699 388 774 gelu
398 700 521 765 stabunt,
541 707 572 754 ut
580 716 723 765 marmore,
742 716 859 774 puppes:

183 795 231 834 nec
240 776 334 849 poterit
343 773 443 848 rigidas
456 774 555 830 findere
564 791 657 830 remus
667 792 765 848 aquas.

148 854 270 911 Vidimus
281 852 309 907 in
319 850 402 926 glacie
411 851 498 922 pisces
509 850 617 906 haerere
630 849 741 925 ligatos:

91 944 116 986 55
182 938 208 985 et
217 946 278 1001 pars
292 925 388 983 axillis
401 924 722 1000 tumquoquevivafuit.

145 1005 207 1061 Sive
218 1004 299 1078 igitur
309 1002 387 1058 nimii
397 1003 494 1058 Boreae
504 1002 545 1057 vis
555 1018 634 1059 saeva
644 1001 776 1069 mannas,

183 1081 240 1134 sive
251 1077 410 1134 redundatas
420 1077 531 1134 flumine
540 1077 610 1152 cogit
620 1094 720 1150 aquas:

145 1155 281 1227 protinus,
303 1161 415 1225 aequato
424 1154 502 1209 siccis
514 1151 696 1226 Aquilonibus
706 1153 784 1219 Istro,

184 1228 320 1284 invehitur
328 1227 405 1283 celeri
416 1227 547 1284 barbarus
557 1227 643 1285 hostis
653 1245 735 1302 equo.

92 1320 117 1362 55
145 1305 234 1363 Hostis
244 1321 313 1376 equo
321 1303 435 1376 pollens,
457 1303 588 1379 longeque
598 1302 705 1360 volante
715 1304 822 1379 sagitta,

183 1380 300 1436 vicinam
311 1378 361 1433 late
369 1379 546 1452 depopulatur
555 1379 683 1436 humum.

147 1455 296 1529 Diffugiunt
306 1453 350 1508 alii
361 1473 371 1522 3·
390 1455 528 1528 nullisque
538 1455 676 1511 tuentibus
686 1472 776 1529 agros,

187 1529 361 1587 incustoditae
370 1529 624 1603 diripiunturopas;

148 1608 218 1665 ruris
229 1624 292 1680 opes
302 1623 408 1679 parvae,
429 1622 510 1678 pecus
521 1614 546 1661 ot
556 1606 694 1661 stridentia
704 1605 835 1678 plaustra.

95 1702 119 1742 5ο
185 1693 210 1740 et
220 1702 288 1757 quas
298 1681 405 1738 divitias
415 1681 500 1738 incola
511 1701 613 1756 pauper
623 1682 712 1737 habet.

148 1764 212 1817 Pars
223 1761 310 1835 agitur
320 1758 417 1814 vinctis
427 1765 487 1831 post
496 1766 602 1833 tergum
614 1765 690 1830 capta
702 1756 818 1824 lacertis,

187 1837 331 1909 respiciens
341 1834 510 1891 frustratura
521 1834 657 1907 laremque
668 1850 765 1888 suum:
787 1844 805 1902 ·,

148 1931 210 1984 pars
220 1912 290 1967 cadit
299 1912 414 1967 hamatis
424 1913 520 1967 misere
532 1911 637 1967 confixa
647 1908 766 1984 sagittis:

187 2004 248 2041 narn
259 1986 360 2042 volucri
370 1986 438 2044 ferro
448 1986 548 2043 tinctile
557 1987 633 2044 virus
643 1986 722 2041 inest.

96 2076 120 2117 55
149 2063 223 2129 Quae
234 2071 371 2135 nequeunt
379 2079 471 2118 secum
481 2063 549 2118 ferre
559 2071 605 2118 aut
615 2062 754 2126 abducere,
766 2061 897 2133 perdunt:

187 2146 212 2191 et
221 2145 320 2192 cremat
329 2140 447 2195 insontes
459 2139 560 2196 hostica
569 2137 676 2195 flamma
686 2154 772 2193 casas.

150 2214 219 2267 Turn
230 2231 351 2286 quoquc,
371 2233 458 2288 quum
470 2233 524 2288 pax
536 2223 589 2282 est,
610 2213 743 2345 treppdant
756 2211 900 2270 formidine

627 2291 660 2347 ba
681 2289 705 2346 i:

189 2379 236 2418 nee
245 2363 392 2436 quisquam
402 2383 494 2437 presso
503 2384 610 2424 vomere
620 2366 706 2424 sulcat
714 2364 843 2422 humum.

150 2439 204 2496 Aut
216 2437 303 2502 videt,
325 2448 371 2494 aut
379 2441 474 2497 metuit
485 2441 558 2498 loous
568 2444 613 2500 hio
621 2459 801 2574 ‚hquemnon
817 2440 898 2507 videt,

614 2525 619 2536 '
648 2525 742 2575 ostem.

89 2604 118 2649 70
185 2586 359 2652 Cessatiners
370 2591 460 2672 rigido
468 2601 539 2652 terra
548 2591 716 2648 relious'uu.

130 2673 194 2734 Non
204 2672 255 2732 lrr'c
259 2688 330 2751 pam
332 2672 419 2748 pinea
429 2673 524 2734 dulcis
531 2670 601 2727 latet
607 2685 667 2723 uua
678 2666 733 2719 suls
739 2663 861 2728 55555,

159 2775 214 2817 noc
224 2751 384 2817 cumulant
395 2753 470 2816 altos
483 2746 597 2811 terrina
606 2737 808 2800 mustalaous.
