1898 2970
143 146 191 199 lld
331 149 360 198 P.
381 149 510 197 ovum
527 150 696 199 Meoms

142 252 198 309 Sub
211 252 427 308 Priamoservata
436 268 548 325 pamm:
569 252 676 325 sicipsn
685 252 801 321 volebat,

51 324 54 329 '
178 343 275 399 exque
284 326 384 384 iudicio
393 326 477 385 forma
490 329 587 383 revicta
599 346 648 384 sun
657 336 709 385 est.

141 402 192 457 Seu
204 418 290 475 genus
300 402 416 469 Adrasti,
437 422 484 459 seu
496 402 574 459 furtis
583 411 663 475 optus
672 403 776 472 Ulixes,

179 494 227 532 seu
236 478 300 549 pius
308 477 420 545 donnes,
440 478 571 551 eripuisse
579 478 672 535 datur:

88 560 127 607 445
141 560 232 608 auctor
241 553 270 608 in
279 554 393 611 incerto:
414 554 649 623 resestllomane3
670 562 761 609 tuetur

179 628 267 695 Vesta,
288 628 360 702 quod
369 628 693 685 assiduolumineouncte
703 630 787 685 videt.

141 704 197 758 Heu
209 712 340 776 quantum
349 704 461 760 timuere
473 704 571 770 Patres,
592 720 648 776 quo
657 712 777 777 tempore
785 705 860 761 Vesta

180 781 254 845 arsit,
274 787 300 834 et
308 787 347 835 est
356 780 431 834 tectis
439 779 534 835 obruta
542 796 627 851 paene
638 780 712 834 suisl

143 854 303 927 Flagrahant
312 854 395 909 sancti
403 854 537 910 sceleratis
547 854 675 929 ignibusi
715 872 759 911 sss

89 937 127 983 444
180 928 681 1003 mistaqueeretflammaeflemmapro
708 947 742 985 na
754 930 826 1001 piae.

142 1002 273 1059 Attonitae
282 1002 380 1061 debent
389 1004 506 1061 demisso
514 1005 587 1060 crine
596 1005 748 1061 ministrae:

180 1079 323 1134 abstulerat
331 1080 401 1135 vires
410 1082 527 1154 corporis
536 1080 593 1152 ipse
605 1080 695 1136 timor.

143 1153 300 1208 Provolatin
311 1154 429 1209 medium
440 1163 587 1229 almagno,
608 1154 776 1223 Succurrite,
797 1172 869 1221 voce,

180 1245 234 1285 non
247 1236 287 1283 est
295 1228 427 1284 auxilium
438 1229 513 1296 flere,
532 1229 655 1286 Metellus
664 1231 711 1286 ait.

88 1311 127 1359 445
142 1303 256 1377 Pignora
267 1304 395 1378 virgineis
406 1303 493 1361 fatalia
504 1304 585 1360 tollite
597 1305 710 1377 palmis:

181 1387 430 1446 nnneasuntvoto‚
452 1380 498 1435 sed
508 1380 635 1452 rapienda
644 1398 738 1437 manu.

142 1454 184 1510 Me
195 1455 337 1509 miserum!
358 1453 505 1511 dubitatis?
522 1456 568 1511 ait.
597 1456 724 1511 Dubitare
734 1456 853 1523 videbat,

180 1537 205 1584 et
213 1528 326 1602 pavidas
335 1531 421 1602 posito
430 1531 606 1603 procubuisse
613 1548 695 1605 genu.

142 1604 236 1660 Haurit
246 1622 345 1678 aquas:
366 1605 516 1678 tollensque
526 1624 634 1673 manus,
654 1608 796 1694 ignoscite,
812 1608 887 1664 dixit.

88 1688 127 1736 leo
181 1697 269 1737 sacra:
290 1681 333 1738 vir
343 1681 448 1738 intrabo
457 1700 512 1739 non
521 1682 645 1739 adeunda
654 1700 722 1738 viro.

142 1756 169 1811 Si
181 1756 268 1812 scelus
277 1763 331 1825 est,
353 1759 381 1814 in
392 1776 434 1814 me
444 1758 581 1814 commissi
590 1775 675 1831 poene
685 1758 828 1816 redundet.

180 1832 219 1886 Sit
230 1833 324 1905 capitis
333 1833 432 1891 domno
440 1834 524 1890 Roma
533 1833 619 1890 soluta
631 1834 694 1890 mei.

141 1907 227 1970 Dixit,
247 1914 273 1959 et
281 1908 391 1979 irrupit:
412 1909 795 1982 iactumdeoraptaproberit,

179 1980 366 2052 pontificisque
375 1983 419 2037 sui
429 2001 541 2041 munere
550 1992 606 2040 tuta
614 1983 676 2041 luit.

87 2060 127 2107 454
142 2054 220 2108 Nunc
229 2053 297 2110 bene
306 2049 562 2116 lucetis'sacraesuh
572 2059 683 2118 Caesare
694 2058 833 2118 flammae:

179 2129 251 2201 ignis
260 2130 289 2186 in
298 2129 385 2188 Iliacis
395 2149 467 2190 nunc
476 2135 525 2191 erit
534 2142 627 2208 estque
637 2134 712 2192 iocis.

141 2203 275 2278 Nullaque
284 2206 385 2265 dicetur
394 2209 473 2266 vittas
482 2218 624 2267 temerasse
636 2210 758 2268 sacerdos

179 2279 319 2338 hocduce:
341 2301 390 2341 nec
398 2284 720 2344 vivadeiodieturhumo.

141 2351 185 2408 Sic
195 2354 293 2410 incesta
303 2359 381 2429 perit,
400 2360 475 2432 quia,
494 2361 712 2433 quamviolavit‚
733 2360 849 2419 inillam

88 2432 127 2482 ltu
178 2428 315 2487 conditur:
336 2434 459 2490 et'lellus
469 2435 602 2511 Vestaque
612 2455 712 2494 numen
723 2437 794 2493 idem
807 2454 836 2493 es

142 2503 211 2576 Tum
221 2504 272 2559 sibi
286 2505 400 2566 Callaico
408 2511 507 2567 Brutus
516 2529 664 2599 cognomen
674 2514 708 2569 ab
719 2513 797 2568 hoste

179 2577 248 2643 iecit,
270 2588 295 2634 et
303 2582 449 2655 Hispanam
459 2603 592 2660 sanguine
601 2589 682 2643 tinxit
691 2589 819 2645 humum.

129 2651 389 2719 Scilicetinterdum
399 2661 551 2721 miscentur
560 2661 754 2730 tristissimum

121 2904 149 2930 Α·
253 2918 263 2930 ι
