1898 2970
148 177 201 225 ux
220 176 353 223 ΡοΝΤο
371 178 426 223 Eu.
446 178 518 224 mn.
531 178 550 224 1.
570 179 624 225 ΕΡ.
644 166 726 244 1.(6.)
762 174 814 239 289

61 277 225 336 Dissimulee
234 286 392 352 metuasque
404 277 472 344 licet,
495 278 632 346 Graecina,
653 281 742 352 ieceri3

101 350 322 420 eiheue'teuevi‚
343 354 418 410 triete
426 352 512 410 fuisse
521 352 615 427 liquet.

62 433 123 488 Non
133 428 205 486 cedit
213 429 243 485 in
253 447 340 486 mores
351 429 441 485 feritas
450 428 606 485 inamabilis
615 430 694 502 istcs3
858 448 869 489 5

103 522 153 561 uec
162 504 279 561 minuse
289 505 387 561 studiis
397 505 510 561 dissidet
518 504 564 560 illa
574 506 638 561 tuis.

63 580 324 655 Artibusingenuie‚
346 599 462 653 quarum
472 581 783 648 tibimeximecureest.

101 663 208 730 pectere
219 655 392 722 mollescunt,
414 656 685 731 asperituequeiugit.

63 734 119 790 Nec
128 731 279 806 quiequam
291 731 401 788 meliore
411 733 463 788 fide
472 732 658 806 complectitur
667 733 737 799 illes,

103 807 267 882 quumeiuit
275 807 395 864 efficium
406 808 571 882 militiaeque
580 808 664 865 labor.
845 825 870 866 iu

65 884 143 943 Certe
151 900 211 958 ego,
220 900 307 956 quum
317 884 436 956 primum
446 885 522 957 potui
531 885 638 950 sentire,
650 884 717 956 quid
727 902 826 956 essem3

102 959 177 1034 (nam
188 957 240 1015 fuit
249 960 359 1016 attonito
368 978 445 1015 mens
456 961 524 1015 mihi
536 959 610 1015 nulla
620 960 690 1034 diu)

64 1037 116 1092 hec
125 1052 236 1109 quoque
245 1034 379 1092 fortunam
389 1037 472 1102 sensi,
488 1035 561 1108 quod
572 1036 675 1091 amicus
685 1037 801 1103 ebeeses‚

103 1111 153 1185 qui
163 1110 231 1166 mihi
242 1112 405 1183 praesidium
414 1113 516 1186 grande
525 1111 633 1168 iuturus
643 1129 712 1168 eras,
819 1128 825 1143 ·

65 1189 167 1243 Tecum
176 1193 242 1242 tunc
251 1187 361 1243 aberent
369 1205 462 1263 aegrae
475 1188 567 1245 solatia
582 1188 694 1244 mentis:
847 1201 872 1243 15

104 1279 258 1338 magnaque
266 1280 329 1335 pars
339 1263 421 1319 enimi
434 1264 595 1337 consiliique
604 1265 668 1320 mei.

68 1341 105 1396 At
119 1355 203 1405 nuuc,
223 1339 437 1412 quedeupereet,
458 1339 595 1413 ferepem,
615 1356 717 1413 precor,
729 1342 836 1396 eminus

421 1470 426 1479 ,
601 1435 699 1473 unam:

104 1489 279 1564 alloquioque
290 1490 354 1546 iuva
364 1498 469 1562 pectere
479 1500 570 1549 uestra
580 1500 640 1548 tuo:

66 1584 148 1641 quae,
169 1583 224 1622 nou
234 1566 355 1622 mendaci
366 1568 389 1622 si
400 1568 550 1642 quidquam
560 1569 646 1624 credis
656 1570 750 1633 emico,

104 1640 188 1698 stulte
199 1641 360 1717 megiedici,
381 1662 464 1717 quem
477 1646 612 1709 scelerata,
633 1645 717 1698 decet.
849 1656 873 1696 eu

64 1720 122 1776 Nec
130 1718 222 1784 breve,
234 1734 283 1774 nec
292 1725 380 1774 tutum
390 1727 439 1786 est,
450 1722 549 1792 peccati
559 1738 629 1792 quae
638 1720 674 1774 sit
682 1719 766 1792 origo.

105 1794 236 1850 scribere:
257 1795 363 1850 tractari
372 1795 484 1851 vulnera
495 1804 584 1852 nostre
595 1795 698 1859 timent.

65 1869 258 1943 Qualicuuque
267 1870 347 1927 modo
356 1871 424 1926 mihi
437 1871 493 1927 sint
502 1889 531 1926 eu
542 1871 619 1938 iacta,
640 1887 733 1945 rogare

105 1945 209 2002 desine.
243 1947 302 2001 Non
314 1946 407 2021 agites,
428 1947 452 2002 si
462 1964 516 2020 que
527 1948 597 2003 coire
606 1946 684 2004 velis.

66 2020 208 2096 Quidquid
218 2021 247 2076 id
257 2030 310 2078 est:
327 2030 357 2078 ut
367 2041 421 2079 non
431 2021 550 2090 facinus,
566 2025 606 2080 sic
614 2021 694 2095 culpa
702 2024 818 2079 vocanda

603 2107 652 2155 eet.
848 2113 870 2124 ··

105 2171 204 2230 Omnis
213 2191 247 2228 en
258 2173 287 2227 iu
297 2191 410 2248 magnos
418 2175 497 2247 culpe
508 2175 571 2231 dees
581 2174 668 2231 scelus
678 2173 736 2228 est?

67 2247 136 2322 Spes
146 2247 230 2323 igitur
240 2249 322 2303 menti
332 2266 441 2321 peenee,
464 2251 603 2316 Graeciue,
623 2249 751 2306 levandae

108 2342 162 2381 nou
173 2332 256 2380 estex
265 2332 318 2380 tete
329 2325 403 2382 nulle
413 2324 503 2382 relicta
512 2344 596 2382 meae.

66 2401 140 2456 Haec
148 2399 207 2465 dee,
218 2414 304 2473 quum
316 2400 438 2477 fugerent
446 2402 585 2458 sceleratae
596 2396 707 2459 numine
717 2408 809 2467 terras,

107 2475 190 2531 indis
202 2477 288 2531 invise
299 2475 355 2532 sole
366 2479 494 2534 remansit
504 2479 598 2535 hume.
849 2490 874 2531 30

68 2554 141 2608 Haec
150 2550 221 2618 iecit,
233 2560 263 2607 ut
272 2552 346 2608 vivet
355 2553 440 2610 fossor
449 2572 560 2631 quoque
567 2554 698 2631 ccmqeue
705 2553 841 2616 queue„

105 2627 266 2698 iibereqnee
275 2626 346 2687 feno
354 2648 435 2691 crure
446 2631 545 2693 future
553 2640 646 2713 putei.

52 2698 204 2838 33⁸0&ss
230 2710 267 2766 ut,
293 2707 387 2769 videet
397 2731 493 2790 quum
502 2723 598 2777 meree
610 2713 750 2784 uuu'xqffi
758 2698 880 2757 *mm*

110 2800 160 2836 nu,
203 2827 210 2841 .
227 2788 279 2846 HI.
752 2790 785 2844 ’ἲ
