1898 2970
167 160 214 211 {28
356 162 382 207 Ρ.
404 158 533 207 ovum
551 158 723 207 Nitotttst

161 256 287 318 Pleiadas
298 259 429 332 adspicies
438 278 546 328 omnes,
566 268 708 335 totumque
717 278 837 319 sororum

109 351 148 393 ⁶⁰⁰
164 354 316 467 viimi}
332 336 857 471 ”iiiiiiittttittitit·t⁹ia

185 431 226 543 lent
238 430 412 561 teneidililinem
423 430 745 560 temperaverishahanlt.
767 431 797 470 ,ο
851 454 857 477 ’
908 492 910 497 ’

167 631 260 694 idibus
268 658 313 695 ora
324 639 397 713 prior
406 638 537 695 stellantia
548 637 638 695 toliere
650 639 773 697 Taurum

203 714 310 770 indicat.
338 714 407 770 Huic
416 715 495 789 signo
504 713 593 770 fabula
604 720 666 771 nota
678 716 785 773 subest.

111 800 149 844 tet
167 790 298 854 Praebuit,
319 799 349 845 ut
362 798 465 854 taurus,
486 790 841 863 Tyriaasuatergapueiiae

204 865 311 936 iupiter,
332 873 357 921 et
367 864 433 921 tates
442 881 541 921 eornua
551 863 637 921 fronte
646 863 720 921 tulit.

166 940 211 996 iila
223 940 314 996 iubam
326 940 427 1007 dextra,
448 939 521 997 iseva
531 940 661 996 retinebat
669 941 802 1009 amietns3

202 1024 228 1070 et
237 1016 316 1071 timor
327 1017 384 1088 ipse
393 1015 456 1073 novi
464 1032 560 1071 caussa
569 1014 673 1071 deensis
681 1024 746 1071 erat.

166 1092 236 1146 Aura
247 1090 324 1145 sinus
336 1090 441 1162 impiet:
463 1089 545 1148 flavos
555 1099 644 1146 movet
652 1106 717 1147 aura
726 1090 852 1165 capium

110 1180 150 1223 tto
201 1164 308 1228 Sidoni,
329 1165 370 1220 sie
382 1164 469 1221 fueras
481 1165 651 1238 adspicienda
660 1167 728 1223 lovi.

165 1240 246 1311 Saepe
255 1238 387 1311 puellares
396 1240 522 1297 subducit
531 1241 565 1297 ab
574 1258 689 1314 aequare
698 1241 815 1315 piantes,

201 1324 227 1371 et
237 1316 331 1372 metuit
339 1323 425 1373 tactus
435 1316 579 1372 assilientis
589 1334 690 1389 aquae:

165 1409 243 1463 saepe
252 1392 319 1448 deus
328 1392 447 1465 prudens
457 1400 561 1467 tergum
570 1392 679 1448 demisit
688 1392 717 1449 in
729 1394 828 1461 undas.
867 1444 870 1451 .

202 1469 306 1522 haereat
314 1474 345 1523 ut
353 1466 421 1523 collo
431 1467 524 1524 fortius
535 1467 579 1524 itta
591 1485 652 1524 suo.

111 1558 149 1600 titt
165 1543 310 1598 Littoribus
320 1544 395 1598 tactis
405 1543 491 1598 stabat
500 1544 561 1599 sine
569 1543 697 1600 eornibus
707 1543 774 1601 ullis

203 1619 315 1692 iupiter:
338 1619 421 1692 inque
430 1618 509 1674 deum
519 1618 553 1675 de
561 1619 630 1675 bove
638 1636 735 1675 versus
744 1627 811 1677 arat.

165 1697 270 1752 Taurus
281 1695 332 1752 init
340 1695 457 1763 eoelum3
479 1702 513 1760 te,
534 1694 642 1761 Sidoni,
662 1693 868 1769 iupiterimpiat

203 1790 319 1846 parsque
329 1780 406 1829 tuum
417 1779 499 1826 terrae
510 1771 584 1827 tertia
596 1788 693 1827 nomen
704 1771 797 1828 habet.

167 1849 220 1904 Hoc
233 1849 277 1902 aiii
288 1850 397 1922 signum
408 1847 532 1903 Phariam
541 1846 632 1903 dixere
641 1846 800 1917 iuvencam

112 1935 150 1977 att
202 1924 547 1991 quaebosaxhomineest,
567 1922 757 1979 exboveiaeta
767 1923 824 1979 des.

166 1995 241 2048 Tune
250 2011 358 2066 quoque
367 1997 515 2067 priscorum
527 1999 602 2073 virgo
611 1997 758 2054 simulacra
769 2000 878 2055 virorum

203 2069 305 2124 mittere
315 2069 424 2127 roboreo
432 2072 533 2144 scirpea
544 2081 623 2144 ponta
632 2073 709 2131 solet,

166 2145 281 2218 Corpora
290 2145 444 2218 postdecies
453 2164 531 2203 senos
541 2149 590 2221 qui
599 2149 712 2205 eredidit
723 2168 811 2209 annos
908 2220 910 2227 Ι

203 2222 285 2278 missa
297 2223 369 2289 neci,
389 2221 494 2279 sceleris
503 2224 615 2281 erimine
624 2225 735 2282 damnat
746 2242 822 2283 avos.
907 2244 910 2280 :

112 2307 150 2351 625
165 2297 246 2352 Fama
257 2305 348 2365 vetus,
369 2306 427 2353 tum
436 2315 524 2370 quum
535 2299 660 2358 Saturnia
671 2308 739 2357 terra
748 2302 888 2361 vacuant

204 2372 265 2427 talia
276 2372 375 2429 fatidici
385 2374 455 2429 dieta
464 2372 548 2430 fuisse
557 2375 614 2432 dei:

166 2446 293 2506 Faieiiere
302 2448 381 2505 libata
391 2448 448 2505 seni
458 2448 512 2506 duo
521 2468 641 2523 corpora,
659 2459 763 2526 gentes,

204 2524 312 2591 mittite,
333 2542 402 2597 quae
411 2525 505 2581 Tuscis
515 2527 682 2599 excipiantur
692 2530 783 2601 aquis.

74 2581 76 2585 ¹
161 2600 250 2659 Donec
259 2599 289 2659 t‘n
298 2599 366 2660 hatto
375 2601 707 2676 venittiryaetsiassws
722 2602 863 2674 assessis

90 2690 133 2735 630
192 2681 281 2741 tristia
293 2681 439 2743 Leucadio
448 2675 750 2751 saetapeaaetameia.

154 2906 262 2930 Α
