1898 2970
151 207 205 254 EX
222 200 356 255 ΡΟΝΤΟ
374 206 429 253 ΕΡ.
442 205 512 254 LIB.
525 203 571 255 lv.
590 205 641 254 ΕΡ.
655 207 678 252 8.
694 208 717 253 9.
756 197 806 254 363

97 307 197 365 iudicio
205 305 322 380 pretium
331 324 373 364 aas
383 307 463 365 habat
472 307 522 367 isla
532 316 587 365 tuo.

58 383 138 454 Quod
147 382 201 441 nisi
211 390 236 439 ta
246 390 456 441 nomanlanlum
468 384 500 439 ad
511 385 609 439 maiora
620 394 748 450 vocasset,

95 458 180 534 gloria
190 458 326 515 Pieridum
336 476 443 514 summa
454 459 564 530 futurus
572 477 640 516 aras.
836 472 862 514 la

59 535 112 592 Sed
123 535 188 592 dara
195 535 334 590 materiam
345 533 436 601 nobis,
457 552 540 608 quam
549 535 683 602 carmina,
705 537 805 592 mavia:

97 628 147 669 nso
157 619 247 667 tamon
255 627 289 665 ax
298 615 352 666 toto
360 609 480 667 deserere
489 611 535 667 illa
544 619 628 684 potas.

58 687 130 744 Nam
138 685 219 742 modo
227 684 383 760 bellagaris‚
391 687 510 742 numeris
521 686 600 743 modo
609 687 688 742 verba
694 688 807 752 colmes,

97 761 224 837 quodque
234 760 430 833 aliiaopusast,
450 762 502 820 hoa
510 762 560 819 tibi
574 761 655 818 ludus
665 764 723 818 erit.

59 838 149 912 thua
158 854 207 896 oso
217 835 251 894 ad
260 836 399 903 citharam,
411 854 460 894 naa
470 836 504 894 ad
513 855 605 895 arcum
615 838 705 912 segnia
715 837 808 910 Apollo

597 922 651 983 θεῖς
837 925 864 967 75

98 987 147 1046 aad
155 987 230 1046 vanit
241 987 276 1045 ad
284 1003 373 1043 sacras
382 1006 482 1046 narvua
493 997 606 1063 uterque
616 987 727 1059 manusg

59 1064 101 1121 aio
109 1063 159 1121 tihi
169 1081 218 1120 naa
226 1063 316 1121 doataa
325 1062 423 1121 desunt
432 1081 481 1121 naa
492 1065 623 1138 principis
637 1072 719 1121 artas:

99 1141 178 1196 mista
187 1139 234 1196 sad
242 1146 283 1194 ast
291 1137 382 1196 animo
394 1157 457 1196 cum
467 1141 528 1197 lova
536 1141 614 1198 Musa
624 1148 679 1196 tuo.

59 1217 135 1285 Quaa
144 1215 272 1290 quoniam
283 1232 332 1271 naa
341 1233 391 1271 noa
400 1215 472 1272 unda
482 1216 621 1274 submovit
630 1216 664 1272 ab
674 1216 729 1281 illa,

98 1291 201 1367 ungula
211 1289 343 1366 Gorgonei
353 1309 436 1362 quam
445 1308 510 1348 aava
519 1290 582 1348 iacit
592 1291 670 1364 aqui3
839 1302 864 1344 aa

59 1367 147 1442 prosit
155 1383 287 1441 opemque
297 1365 376 1432 ferat,
396 1366 721 1434 communiaaaoratuari‚

99 1451 179 1516 atque
190 1441 274 1498 ladem
284 1441 382 1498 studiis
391 1441 554 1515 imposuisse
563 1461 688 1501 manum:

60 1520 149 1576 littora
159 1517 259 1591 pellitis
268 1517 384 1574 nimium
395 1518 513 1576 subiecta
523 1519 635 1577 Corallis

99 1603 130 1651 ut
140 1593 246 1650 landam
257 1611 351 1650 saevos
363 1593 545 1670 effugiamque
555 1596 645 1661 Getas,

60 1669 207 1745 clausaqua
215 1669 240 1725 si
250 1668 348 1726 misero
356 1671 441 1742 patria
451 1680 505 1736 ast,
525 1678 557 1726 ut
564 1669 686 1742 ponarin
696 1668 762 1734 ullo,
840 1678 867 1721 ss

99 1745 148 1820 qui
158 1745 250 1803 minus
259 1744 378 1801 Ausonia
388 1745 469 1801 distat
477 1746 511 1801 ab
520 1745 607 1811 Urbs,
628 1745 698 1812 ¹0⁰⁰}

60 1821 135 1880 unda
147 1829 207 1879 tuas
220 1819 424 1895 possim'laudss
432 1820 565 1876 aalebraro
573 1827 699 1885 recantas,

100 1914 252 1973 magnaque
259 1914 342 1970 quam
353 1895 466 1953 minima
476 1894 542 1952 lacta
552 1895 648 1951 ralarra
658 1912 742 1952 mora.
753 1924 789 1934 —

61 1976 165 2050 Tangat
177 1973 368 2029 uthoavotum
378 1970 508 2039 eoelestia,
529 1989 589 2029 cara
597 1969 686 2038 Suilli,

100 2048 223 2115 numina,
243 2064 292 2121 pro
302 2064 392 2106 sooaro
400 2065 484 2122 paana
493 2055 664 2124 precaretua.
839 2055 865 2098 ⁹⁰

256 2267 518 2326 EPISTOLA
556 2270 628 2324 lx..

196 2388 264 2462 ao
309 2386 677 2431 aaaacioiuoo.

64 2493 232 2570 Undaliaat,
252 2503 485 2568 noouodaiuvat,
507 2500 648 2565 Graecina,
669 2498 782 2555 saluom

100 2578 224 2636 miltilab
233 2577 350 2636 Euxinis
359 2575 488 2636 hanalibi
500 2575 669 2633 Naaovadis;
833 2580 836 2587 ‘

61 2654 202 2729 missaque
210 2653 239 2712 dl
248 2653 347 2711 faciant
354 2670 479 2713 auroram
488 2650 607 2709 occurrat
616 2651 649 2707 ad
659 2650 743 2717 illam,

100 2731 232 2792 bissenas
239 2728 325 2790 rasos
334 2748 404 2806 quaa
417 2729 466 2789 tibi
478 2729 570 2805 prima
577 2727 683 2787 laiso-i·
