1898 2970
263 182 474 228 FAsTonUn
493 183 564 229 mn.
584 185 615 230 V.
762 181 806 232 lll

98 282 144 338 illa
153 282 288 339 coronatis
301 280 352 337 alta
361 282 508 354 triumphat
517 285 603 355 equis.

64 359 180 414 Finierat
190 373 269 412 voees
278 356 466 432 Polyhymnia.
497 361 567 414 Dicta
579 361 723 430 probarunt

99 434 229 505 Clioque,
249 440 276 487 et
284 449 381 487 curvae
391 434 454 488 scita
465 433 572 489 Thaleia
581 434 662 508 lyrae.

64 508 294 580 lixcipitllranie:
316 506 398 562 federe
408 508 512 564 silentia
522 520 647 578 cunetae·

97 593 188 639 etvox
197 581 285 638 audiri
295 581 383 648 nulla,
405 584 456 637 nisi
471 583 530 649 ilia,
551 593 646 655 potest.

62 661 159 734 llagna
170 657 223 713 luit
231 657 368 731 quondam
377 659 470 730 capitis
481 662 624 714 reverentia
635 660 704 722 cani,

98 736 185 806 inque
193 750 244 789 suo
252 733 337 804 pretio
346 751 412 808 ruga
422 734 513 788 senilis
523 743 587 789 erat.

62 809 155 865 llartis
166 825 236 881 opus
245 808 357 863 iuvenes
367 809 540 881 animosaque
549 810 617 865 bella
627 811 765 885 gerebant:

99 892 125 939 et
134 901 185 957 pro
194 883 238 938 dis
246 883 355 939 aderant
367 884 394 939 in
405 886 515 939 statione
525 886 593 940 suis.
840 903 863 936 aa

63 961 175 1016 Viribus
184 959 230 1013 illa
241 959 344 1023 minor,
367 975 414 1013 nec
425 959 555 1014 habendis
564 960 639 1015 utilis
649 961 741 1022 armis,

97 1033 214 1092 oonsilio
223 1035 323 1105 patriae
335 1050 413 1105 saepe
424 1033 523 1089 larebat
532 1053 619 1106 opem.

63 1112 116 1166 Nea
128 1110 183 1165 nisi
193 1115 256 1181 post
265 1126 348 1164 annos
357 1109 443 1181 patuit
452 1117 515 1164 tunc
525 1110 604 1166 Curia
614 1129 699 1168 seros:

99 1203 198 1242 nornen
209 1192 235 1239 et
244 1185 335 1239 aetatis
345 1185 409 1238 mite
419 1184 531 1240 Senatus
541 1196 604 1241 erat.

63 1264 122 1317 lura
130 1261 214 1318 dabat
224 1259 322 1332 populo
332 1261 434 1315 senior:
456 1261 584 1333 finitaque
595 1265 671 1316 certis

99 1336 208 1413 legibus
217 1342 257 1390 est
267 1343 351 1399 aetas,
373 1335 445 1390 unda
454 1344 558 1406 petatur
568 1337 661 1393 honos.

61 1414 95 1468 Et
103 1411 213 1468 madius
222 1411 362 1475 iuvenum,
384 1429 436 1466 non
447 1411 649 1484 indignantibus
660 1414 735 1484 ipsis,

98 1489 169 1544 ibat:
190 1495 216 1541 et
225 1486 342 1551 interior,
364 1487 386 1540 si
398 1503 485 1541 carnes
495 1504 566 1542 unns
576 1496 639 1543 erat.

63 1564 149 1619 Verba
158 1563 224 1635 quis
234 1561 342 1616 auderet
350 1578 437 1617 coram
448 1579 511 1617 sene
520 1563 601 1638 digna
610 1564 705 1619 nabore

99 1636 207 1694 dinere‘?
234 1636 380 1692 Censuram
393 1637 469 1710 longa
480 1647 581 1694 senecta
592 1639 680 1694 dabat.
839 1651 863 1686 it

64 1712 196 1770 Romulus
207 1712 256 1767 lroc
267 1713 347 1766 vidit:
369 1711 516 1784 selectaque
525 1731 632 1785 corpora
644 1717 731 1767 Patras

99 1788 179 1844 dixit.
208 1787 250 1842 Ad
261 1787 309 1842 bos
320 1788 399 1841 Urbis
413 1805 518 1842 summa
530 1789 608 1842 relata
620 1807 713 1842 navae.

63 1864 131 1919 lline
139 1880 190 1918 sua
201 1862 315 1918 maiores
326 1862 452 1916 tribuisse
463 1863 591 1918 vocabula
601 1865 669 1917 Maio

99 1947 203 2013 tangor,
224 1944 250 1992 et
260 1938 336 1992 aetati
347 1937 596 1994 consuluissesuae.

63 2012 448 2085 EtNumiterdixissepotest‚
469 2016 516 2078 Da,
536 2015 658 2078 Romule,
680 2034 797 2068 inensem
840 2028 862 2066 ῖς,

98 2088 308 2155 buuesenibus3
332 2105 379 2143 nec
388 2106 468 2143 avum
478 2091 639 2144 sustinuisse
650 2108 740 2159 nepos.

62 2165 117 2219 b'ec
126 2163 184 2219 leve
191 2164 335 2236 praepositi
347 2164 446 2237 pignus
456 2165 584 2219 suecessit
596 2165 717 2218 honoris:

100 2239 205 2305 lunius,
226 2240 384 2294 aiuvenum
397 2240 609 2302 nominedictus‚
631 2237 712 2292 adest.

62 2314 197 2383 lundein,
218 2315 351 2388 neglectos
362 2314 455 2368 hedera
470 2315 589 2368 redimita
600 2313 718 2384 capillos,

97 2390 185 2465 prima
197 2391 241 2443 sui
251 2389 477 2460 coepitCalliopea
489 2391 576 2444 clrnri:
838 2402 862 2435 tn

63 2467 179 2521 Duxerat
186 2464 310 2521 Oceanus
320 2464 455 2537 qnondam
466 2466 587 2519 Titanida
599 2465 714 2539 Tethyn,

97 2541 146 2615 qni
157 2551 255 2595 terram
268 2539 389 2610 liquidis,
412 2557 465 2613 qua
477 2549 563 2614 patet,
586 2542 674 2599 ambil
686 2542 782 2618 aquis.

61 2619 190 2670 llincsata
197 2614 305 2667 Pleiade
316 2631 377 2668 anm
388 2617 516 2676 caelifero
526 2620 642 2680 Atlante

80 2687 208 2755 rirngr'tnr,
233 2686 412 2759 utbauraesn
433 2696 632 2780 Pleiadasque
643 2715 743 2781 parit:
