1898 2970
132 140 191 219 '296
331 166 360 212 a.
382 163 509 211 ovum
528 163 698 211 sisoius

179 267 302 333 oonoidit,
323 267 352 323 in
362 266 465 323 domini
477 264 674 339 procubuitque
682 273 775 338 caput.

87 359 113 402 15
142 343 235 400 Adfuit
246 342 291 398 ills
300 342 379 408 mihi,
399 360 487 417 quum
497 358 541 396 mo
550 357 613 412 pars
626 358 726 415 magus
738 341 859 415 reliquit.

181 419 311 487 Maxims;
333 416 654 488 Fortuaasnsoiuitipos
662 432 765 474 aomos.
845 420 847 425 '

143 494 222 549 Ilium
232 512 281 569 ego
291 512 344 551 non
354 492 431 550 alitos·
439 491 546 550 flentem
560 509 619 547 mea
628 489 723 549 iussn
733 494 801 561 vidi,

180 569 321 644 ponendus
334 587 417 701 quam
428 569 451 625 si
464 568 544 624 iratas
554 568 583 623 in
592 567 656 642 igno
665 567 744 625 iosst.

144 645 234 701 Haesit
243 645 271 701 in
281 663 344 719 amp
355 663 422 710 oxu,
443 642 651 716 consolatusque
662 644 796 701 boontem
804 655 858 702 ast.

88 735 114 779 ao
181 738 298 795 cumque
308 722 376 777 mois
386 720 511 776 lacrimas
520 718 728 793 miscuitusqus
736 739 812 778 suos.

143 796 166 853 0
175 798 279 871 quoties
289 796 359 855 vitas
368 804 457 852 custos
468 794 575 851 invisus
585 812 692 851 amaros

183 873 315 930 continuit
324 880 441 945 promtus
450 872 480 927 in
490 888 549 926 mea
559 869 612 925 iaia
622 872 736 927 manus!

144 949 280 1023 Oquoties
288 948 366 1015 dixis,
386 945 699 1017 Plaoabilisiradsorom
707 955 758 1004 ost.

184 1025 259 1090 Vive,
281 1042 329 1081 noc
339 1024 443 1099 ignosci
454 1031 483 1078 tu
494 1021 542 1077 tibi
553 1039 633 1094 posso
642 1039 721 1098 noga.

91 1113 117 1158 25
146 1100 204 1157 Vox
214 1107 302 1156 tomen
312 1099 358 1156 ilia
368 1099 419 1155 iuit
431 1097 616 1164 osisborrima.
637 1099 752 1172 Respios
765 1108 899 1172 quantum

183 1175 277 1230 debeat
285 1174 418 1231 auxilium
428 1173 564 1231 Maximus
574 1190 633 1229 asso
642 1173 703 1230 tibi.
890 1188 895 1198 ·

147 1250 284 1307 Maximus
294 1251 446 1320 incumbet;
468 1250 743 1324 quaquaestpiotato‚
766 1251 880 1327 rogabit,

185 1343 218 1380 ne
227 1327 262 1381 sit
272 1326 305 1382 ad
316 1335 466 1383 extromum
476 1325 599 1382 Caesaris
607 1324 648 1380 ira
655 1332 752 1382 ¹tenax:

147 1419 264 1474 cumque
274 1403 332 1457 suis
345 1402 434 1457 fratris
445 1404 516 1458 viros
526 1401 672 1468 adhibebit,
694 1409 720 1458 et
729 1421 849 1472 omnem,

94 1489 120 1533 ao
186 1495 240 1550 quo
250 1476 336 1533 levius
346 1476 445 1544 doleas,
468 1478 617 1550 experietur
631 1495 720 1549 opem.

149 1554 218 1609 Haec
230 1553 297 1608 mihi
308 1553 389 1609 verba
399 1551 485 1608 maiae
496 1553 654 1608 minuerunt
664 1553 749 1609 tsodia
760 1555 840 1611 vitas.

186 1628 309 1698 Quaem,
331 1628 481 1695 assuerim.
503 1628 628 1696 Maxime,
650 1647 729 1696 vana,
749 1647 825 1687 cave.
899 1657 906 1663 ·

149 1707 207 1761 Huc
216 1724 325 1780 quoque
335 1714 479 1762 venturum
494 1704 561 1759 mihi
570 1722 600 1760 sa
610 1705 698 1760 iurare
707 1704 824 1776 solebst3

187 1801 240 1839 non
251 1783 339 1838 uisite
350 1783 444 1857 longao
455 1782 499 1837 ius
509 1781 561 1836 sibi
571 1780 651 1836 danto
660 1781 729 1837 vias.

96 1869 121 1913 ao
149 1858 218 1914 Nam
229 1867 275 1915 tua
284 1877 338 1915 non
351 1858 403 1915 alio
413 1857 495 1914 coluit
507 1856 651 1931 penetralia
661 1859 724 1924 ritu,

187 1943 317 1991 terrarum
327 1935 450 1991 dominos
461 1952 544 2007 quam
553 1933 619 1990 ooiis
633 1933 692 2006 ipso
700 1931 774 1990 daos.

151 2011 234 2067 Crede
244 2012 326 2067 mihi:
349 2009 448 2067 multos
458 2011 557 2066 habeas
566 2027 653 2082 quum
663 2009 764 2084 dignus
776 2010 890 2079 amieos,

189 2106 241 2146 non
252 2087 303 2143 ruit
312 2105 326 2142 e
336 2086 428 2142 multis
438 2086 559 2160 quolibet
571 2085 616 2141 ille
630 2086 733 2141 minor:

152 2162 176 2216 si
190 2163 269 2229 modo
279 2181 333 2219 non
342 2181 439 2227 census
449 2162 608 2219 nesciorum
620 2178 718 2218 nomen
730 2178 855 2229 avorum,

97 2244 123 2289 io
188 2237 235 2290 sed
245 2240 364 2309 probitas
375 2256 488 2314 magnos
497 2239 526 2293 in
546 2239 693 2311 sniumquo
703 2236 775 2293 iacit.

152 2311 212 2365 Iure
222 2311 304 2386 igitur
315 2314 437 2370 lacrimas
448 2257 653 2370 Celsoiibamus
663 2312 778 2380 ademto,

190 2403 276 2458 quum
285 2388 415 2463 fugerem,
436 2389 517 2446 vivus
525 2407 594 2463 quas
604 2390 677 2446 dedit
686 2389 732 2444 iilo
741 2388 825 2445 mihi:

152 2461 272 2517 carmina
281 2463 339 2520 iure
349 2466 455 2532 damus,
477 2484 550 2522 raros
560 2466 682 2522 testantia
692 2483 798 2535 mores3

189 2545 220 2591 ut
230 2543 390 2596 tua‘venturi
401 2541 521 2607 nomina,
545 2538 626 2608 cass,
649 2542 749 2616 legant.

99 2616 124 2663 45
152 2611 207 2668 Hoc
217 2620 265 2679 est,
277 2615 350 2685 quod
362 2633 474 2687 possum
484 2615 583 2673 Geticis
598 2616 646 2671 tibi
658 2617 762 2672 mittere
770 2617 805 2672 ab
815 2615 902 2675 srvis:

190 2688 240 2744 hoc
250 2686 338 2745 solum
350 2699 390 2746 est
400 2692 460 2748 isoio
471 2688 545 2766 quod
554 2690 682 2749 liootasss
694 2709 797 2751 meum.

179 2912 271 2938 Δ..
