<?xml version="1.0" encoding="UTF-8"?>
<!DOCTYPE html PUBLIC "-//W3C//DTD XHTML 1.0 Transitional//EN"
    "http://www.w3.org/TR/xhtml1/DTD/xhtml1-transitional.dtd">
<html xmlns="http://www.w3.org/1999/xhtml" xml:lang="en" lang="en">
 <head>
  <title>
</title>
<meta http-equiv="Content-Type" content="text/html;charset=utf-8" />
  <meta name='ocr-system' content='tesseract 3.04.00' />
  <meta name='ocr-capabilities' content='ocr_page ocr_carea ocr_par ocr_line ocrx_word'/>
</head>
<body>
  <div class='ocr_page' id='page_1' title='image "./operaomnia00ovidgoog_0328.png"; bbox 0 0 1898 2970; ppageno 0'>
   <div class='ocr_carea' id='block_1_1' title="bbox 38 198 626 276">
    <p class='ocr_par' dir='ltr' id='par_1_1' title="bbox 38 198 626 276">
     <span class='ocr_line' id='line_1_1' title="bbox 38 198 626 276; baseline 0.003 -2"><span class='ocrx_word' id='word_1_1' title='bbox 38 218 194 275; x_wconf 52' lang='lat' dir='ltr'>{1³on</span> <span class='ocrx_word' id='word_1_2' title='bbox 212 229 268 275; x_wconf 75' lang='grc' dir='ltr'>ΕΡ.</span> <span class='ocrx_word' id='word_1_3' title='bbox 286 229 357 276; x_wconf 79' lang='lat' dir='ltr'>Lm.</span> <span class='ocrx_word' id='word_1_4' title='bbox 372 229 403 276; x_wconf 92' lang='lat'>11.</span> <span class='ocrx_word' id='word_1_5' title='bbox 423 229 480 276; x_wconf 74' lang='lat' dir='ltr'>aa.</span> <span class='ocrx_word' id='word_1_6' title='bbox 495 227 519 275; x_wconf 76' lang='grc' dir='ltr'>τ.</span> <span class='ocrx_word' id='word_1_7' title='bbox 574 198 626 276; x_wconf 68' lang='grc'>343</span> 
     </span>
    </p>
   </div>
   <div class='ocr_carea' id='block_1_2' title="bbox 38 330 784 2828">
    <p class='ocr_par' dir='ltr' id='par_1_2' title="bbox 38 330 469 408">
     <span class='ocr_line' id='line_1_2' title="bbox 38 330 469 408; baseline 0.012 -23"><span class='ocrx_word' id='word_1_8' title='bbox 38 348 83 386; x_wconf 81' lang='lat' dir='ltr'>mr</span> <span class='ocrx_word' id='word_1_9' title='bbox 92 330 170 388; x_wconf 89' lang='lat' dir='ltr'>nobis</span> <span class='ocrx_word' id='word_1_10' title='bbox 179 330 291 408; x_wconf 80' lang='lat' dir='ltr'>pignora</span> <span class='ocrx_word' id='word_1_11' title='bbox 301 332 374 392; x_wconf 79' lang='lat' dir='ltr'>mille</span> <span class='ocrx_word' id='word_1_12' title='bbox 383 332 469 391; x_wconf 83' lang='lat' dir='ltr'><strong>dedit:</strong></span> 
     </span>
    </p>

    <p class='ocr_par' dir='ltr' id='par_1_3' title="bbox 38 402 682 930">
     <span class='ocr_line' id='line_1_3' title="bbox 38 402 617 482; baseline 0.005 -20"><span class='ocrx_word' id='word_1_13' title='bbox 38 425 57 462; x_wconf 73' lang='lat' dir='ltr'>es</span> <span class='ocrx_word' id='word_1_14' title='bbox 69 402 161 463; x_wconf 71' lang='lat' dir='ltr'>timida</span> <span class='ocrx_word' id='word_1_15' title='bbox 170 414 210 462; x_wconf 85' lang='lat' dir='ltr'>est</span> <span class='ocrx_word' id='word_1_16' title='bbox 219 409 306 465; x_wconf 85' lang='lat' dir='ltr'>omnis</span> <span class='ocrx_word' id='word_1_17' title='bbox 316 410 412 477; x_wconf 79' lang='lat' dir='ltr'>miser3</span> <span class='ocrx_word' id='word_1_18' title='bbox 432 417 457 464; x_wconf 83' lang='lat' dir='ltr'>et</span> <span class='ocrx_word' id='word_1_19' title='bbox 465 408 529 481; x_wconf 89' lang='lat' dir='ltr'>quia</span> <span class='ocrx_word' id='word_1_20' title='bbox 539 403 617 482; x_wconf 81' lang='lat' dir='ltr'>longo</span> 
     </span>
     <span class='ocr_line' id='line_1_4' title="bbox 48 479 490 542; baseline 0.005 -4"><span class='ocrx_word' id='word_1_21' title='bbox 48 480 160 539; x_wconf 85' lang='lat' dir='ltr'>laetitiae</span> <span class='ocrx_word' id='word_1_22' title='bbox 169 479 250 540; x_wconf 87' lang='lat' dir='ltr'>ianua</span> <span class='ocrx_word' id='word_1_23' title='bbox 260 482 349 542; x_wconf 88' lang='lat' dir='ltr'>clausa</span> <span class='ocrx_word' id='word_1_24' title='bbox 360 502 432 541; x_wconf 89' lang='lat' dir='ltr'>meae</span> <span class='ocrx_word' id='word_1_25' title='bbox 442 494 490 540; x_wconf 78' lang='lat' dir='ltr'>est.</span> 
     </span>
     <span class='ocr_line' id='line_1_5' title="bbox 38 559 576 634; baseline 0.002 -20"><span class='ocrx_word' id='word_1_26' title='bbox 38 559 357 630; x_wconf 80' lang='lat' dir='ltr'>inmoremvenitmeus3</span> <span class='ocrx_word' id='word_1_27' title='bbox 378 568 462 634; x_wconf 88' lang='lat' dir='ltr'>utque</span> <span class='ocrx_word' id='word_1_28' title='bbox 470 561 576 616; x_wconf 86' lang='lat' dir='ltr'>caducis</span> 
     </span>
     <span class='ocr_line' id='line_1_6' title="bbox 38 635 682 710; baseline 0.003 -20"><span class='ocrx_word' id='word_1_29' title='bbox 38 635 153 692; x_wconf 86' lang='lat' dir='ltr'>uerebro</span> <span class='ocrx_word' id='word_1_30' title='bbox 163 654 227 692; x_wconf 85' lang='lat' dir='ltr'>saxa</span> <span class='ocrx_word' id='word_1_31' title='bbox 236 644 365 694; x_wconf 84' lang='lat' dir='ltr'>cavantur</span> <span class='ocrx_word' id='word_1_32' title='bbox 374 639 466 710; x_wconf 77' lang='lat' dir='ltr'>aquis:</span> <span class='ocrx_word' id='word_1_33' title='bbox 656 643 682 692; x_wconf 72' lang='lat' dir='ltr'>ie</span> 
     </span>
     <span class='ocr_line' id='line_1_7' title="bbox 38 711 472 771; baseline 0.007 -4"><span class='ocrx_word' id='word_1_34' title='bbox 38 711 118 768; x_wconf 70' lang='lat' dir='ltr'>itinuo</span> <span class='ocrx_word' id='word_1_35' title='bbox 127 712 259 768; x_wconf 80' lang='lat' dir='ltr'>Fortunae</span> <span class='ocrx_word' id='word_1_36' title='bbox 268 713 395 771; x_wconf 86' lang='lat' dir='ltr'>vulneror</span> <span class='ocrx_word' id='word_1_37' title='bbox 403 713 472 771; x_wconf 77' lang='lat' dir='ltr'>ictu:</span> 
     </span>
     <span class='ocr_line' id='line_1_8' title="bbox 38 787 575 864; baseline 0.004 -23"><span class='ocrx_word' id='word_1_38' title='bbox 38 787 149 844; x_wconf 75' lang='lat' dir='ltr'>hebetia</span> <span class='ocrx_word' id='word_1_39' title='bbox 160 787 238 845; x_wconf 90' lang='lat' dir='ltr'>nobis</span> <span class='ocrx_word' id='word_1_40' title='bbox 248 787 302 845; x_wconf 91' lang='lat' dir='ltr'>iam</span> <span class='ocrx_word' id='word_1_41' title='bbox 312 807 380 847; x_wconf 83' lang='lat' dir='ltr'>nova</span> <span class='ocrx_word' id='word_1_42' title='bbox 390 789 467 864; x_wconf 82' lang='lat' dir='ltr'><strong>plaga</strong></span> <span class='ocrx_word' id='word_1_43' title='bbox 478 789 575 846; x_wconf 80' lang='lat' dir='ltr'>locum.</span> 
     </span>
     <span class='ocr_line' id='line_1_9' title="bbox 46 861 506 930; baseline 0.002 -11"><span class='ocrx_word' id='word_1_44' title='bbox 46 861 157 919; x_wconf 75' lang='lat' dir='ltr'>as&#39;siduo&#39;</span> <span class='ocrx_word' id='word_1_45' title='bbox 164 881 256 920; x_wconf 86' lang='lat' dir='ltr'>vomer</span> <span class='ocrx_word' id='word_1_46' title='bbox 267 872 391 922; x_wconf 80' lang='lat' dir='ltr'>tenuatur</span> <span class='ocrx_word' id='word_1_47' title='bbox 401 866 434 921; x_wconf 86' lang='lat' dir='ltr'>ab</span> <span class='ocrx_word' id='word_1_48' title='bbox 446 881 506 930; x_wconf 85' lang='lat' dir='ltr'>usu,</span> 
     </span>
    </p>

    <p class='ocr_par' dir='ltr' id='par_1_4' title="bbox 38 937 472 1014">
     <span class='ocr_line' id='line_1_10' title="bbox 38 937 472 1014; baseline 0.009 -22"><span class='ocrx_word' id='word_1_49' title='bbox 38 937 69 1013; x_wconf 70' lang='lat' dir='ltr'>gis</span> <span class='ocrx_word' id='word_1_50' title='bbox 79 945 118 994; x_wconf 82' lang='lat' dir='ltr'>est</span> <span class='ocrx_word' id='word_1_51' title='bbox 128 939 218 995; x_wconf 85' lang='lat' dir='ltr'>curvis</span> <span class='ocrx_word' id='word_1_52' title='bbox 228 939 315 1014; x_wconf 78' lang='lat' dir='ltr'>Appia</span> <span class='ocrx_word' id='word_1_53' title='bbox 326 943 385 1001; x_wconf 81' lang='lat' dir='ltr'>trita</span> <span class='ocrx_word' id='word_1_54' title='bbox 394 941 472 1008; x_wconf 80' lang='lat' dir='ltr'>rotis3</span> 
     </span>
    </p>

    <p class='ocr_par' dir='ltr' id='par_1_5' title="bbox 38 1013 556 1243">
     <span class='ocr_line' id='line_1_11' title="bbox 38 1013 556 1086; baseline -0.004 -14"><span class='ocrx_word' id='word_1_55' title='bbox 38 1033 81 1072; x_wconf 87' lang='lat' dir='ltr'>am</span> <span class='ocrx_word' id='word_1_56' title='bbox 91 1013 149 1071; x_wconf 85' lang='lat' dir='ltr'>mea</span> <span class='ocrx_word' id='word_1_57' title='bbox 160 1023 224 1071; x_wconf 77' lang='lat' dir='ltr'><strong>sunt</strong></span> <span class='ocrx_word' id='word_1_58' title='bbox 233 1017 301 1073; x_wconf 85' lang='lat' dir='ltr'>serie</span> <span class='ocrx_word' id='word_1_59' title='bbox 309 1023 411 1072; x_wconf 79' lang='lat' dir='ltr'>caecata</span> <span class='ocrx_word' id='word_1_60' title='bbox 421 1015 541 1073; x_wconf 83' lang='lat' dir='ltr'>laborum</span> <span class='ocrx_word' id='word_1_61' title='bbox 550 1035 556 1086; x_wconf 77' lang='lat'>3</span> 
     </span>
     <span class='ocr_line' id='line_1_12' title="bbox 38 1090 499 1164; baseline 0 -18"><span class='ocrx_word' id='word_1_62' title='bbox 38 1090 143 1157; x_wconf 86' lang='lat' dir='ltr'>inveni,</span> <span class='ocrx_word' id='word_1_63' title='bbox 164 1092 237 1164; x_wconf 89' lang='lat' dir='ltr'>quod</span> <span class='ocrx_word' id='word_1_64' title='bbox 248 1092 315 1147; x_wconf 86' lang='lat' dir='ltr'>mihi</span> <span class='ocrx_word' id='word_1_65' title='bbox 326 1092 403 1148; x_wconf 82' lang='lat' dir='ltr'>ferret</span> <span class='ocrx_word' id='word_1_66' title='bbox 412 1109 499 1164; x_wconf 86' lang='lat' dir='ltr'>opem.</span> 
     </span>
     <span class='ocr_line' id='line_1_13' title="bbox 38 1167 519 1243; baseline 0.002 -21"><span class='ocrx_word' id='word_1_67' title='bbox 38 1167 130 1242; x_wconf 81' lang='lat' dir='ltr'>genuis</span> <span class='ocrx_word' id='word_1_68' title='bbox 140 1168 259 1240; x_wconf 79' lang='lat' dir='ltr'>quaesita</span> <span class='ocrx_word' id='word_1_69' title='bbox 269 1175 312 1224; x_wconf 82' lang='lat' dir='ltr'>est</span> <span class='ocrx_word' id='word_1_70' title='bbox 318 1167 402 1243; x_wconf 79' lang='lat' dir='ltr'>gloria</span> <span class='ocrx_word' id='word_1_71' title='bbox 414 1168 519 1225; x_wconf 82' lang='lat' dir='ltr'>multis:</span> 
     </span>
    </p>

    <p class='ocr_par' dir='ltr' id='par_1_6' title="bbox 38 1243 366 1317">
     <span class='ocr_line' id='line_1_14' title="bbox 38 1243 366 1317; baseline 0.006 -19"><span class='ocrx_word' id='word_1_72' title='bbox 38 1243 93 1298; x_wconf 65' lang='lat' dir='ltr'>aerii</span> <span class='ocrx_word' id='word_1_73' title='bbox 103 1243 209 1300; x_wconf 87' lang='lat' dir='ltr'>dotibus</span> <span class='ocrx_word' id='word_1_74' title='bbox 222 1244 280 1317; x_wconf 88' lang='lat' dir='ltr'>ipse</span> <span class='ocrx_word' id='word_1_75' title='bbox 288 1244 366 1300; x_wconf 86' lang='lat' dir='ltr'>meis.</span> 
     </span>
    </p>

    <p class='ocr_par' dir='ltr' id='par_1_7' title="bbox 38 1319 552 1457">
     <span class='ocr_line' id='line_1_15' title="bbox 38 1319 552 1393; baseline 0.004 -19"><span class='ocrx_word' id='word_1_76' title='bbox 38 1320 102 1375; x_wconf 85' lang='lat' dir='ltr'>vitio</span> <span class='ocrx_word' id='word_1_77' title='bbox 112 1328 194 1385; x_wconf 80' lang='lat' dir='ltr'>caret,</span> <span class='ocrx_word' id='word_1_78' title='bbox 216 1328 241 1375; x_wconf 83' lang='lat' dir='ltr'>et</span> <span class='ocrx_word' id='word_1_79' title='bbox 250 1321 309 1375; x_wconf 85' lang='lat' dir='ltr'>sine</span> <span class='ocrx_word' id='word_1_80' title='bbox 319 1319 491 1393; x_wconf 82' lang='lat' dir='ltr'>labeperacta</span> <span class='ocrx_word' id='word_1_81' title='bbox 500 1328 552 1376; x_wconf 86' lang='lat' dir='ltr'>est:</span> 
     </span>
     <span class='ocr_line' id='line_1_16' title="bbox 38 1395 389 1457; baseline -0.003 -2"><span class='ocrx_word' id='word_1_82' title='bbox 38 1396 126 1455; x_wconf 86' lang='lat' dir='ltr'>nisem</span> <span class='ocrx_word' id='word_1_83' title='bbox 136 1395 174 1451; x_wconf 89' lang='lat' dir='ltr'>nil</span> <span class='ocrx_word' id='word_1_84' title='bbox 183 1395 245 1455; x_wconf 79' lang='lat' dir='ltr'>tulit</span> <span class='ocrx_word' id='word_1_85' title='bbox 254 1395 300 1452; x_wconf 85' lang='lat' dir='ltr'>ille</span> <span class='ocrx_word' id='word_1_86' title='bbox 311 1396 389 1457; x_wconf 87' lang='lat' dir='ltr'>mihi.</span> 
     </span>
    </p>

    <p class='ocr_par' dir='ltr' id='par_1_8' title="bbox 38 1471 548 1546">
     <span class='ocr_line' id='line_1_17' title="bbox 38 1471 548 1546; baseline 0.016 -20"><span class='ocrx_word' id='word_1_87' title='bbox 38 1471 203 1543; x_wconf 67' lang='lat' dir='ltr'>iis&#39;preeibus</span> <span class='ocrx_word' id='word_1_88' title='bbox 213 1471 329 1528; x_wconf 86' lang='lat' dir='ltr'>donatur</span> <span class='ocrx_word' id='word_1_89' title='bbox 337 1491 415 1546; x_wconf 84' lang='lat' dir='ltr'>saepe</span> <span class='ocrx_word' id='word_1_90' title='bbox 424 1491 548 1533; x_wconf 82' lang='lat' dir='ltr'>suorum:</span> 
     </span>
    </p>

    <p class='ocr_par' dir='ltr' id='par_1_9' title="bbox 39 1547 405 1623">
     <span class='ocr_line' id='line_1_18' title="bbox 39 1547 405 1623; baseline 0.008 -21"><span class='ocrx_word' id='word_1_91' title='bbox 39 1566 68 1605; x_wconf 89' lang='lat' dir='ltr'>ro</span> <span class='ocrx_word' id='word_1_92' title='bbox 79 1547 157 1604; x_wconf 90' lang='lat' dir='ltr'>nobis</span> <span class='ocrx_word' id='word_1_93' title='bbox 166 1550 250 1623; x_wconf 74' lang='lat' dir='ltr'>gratia</span> <span class='ocrx_word' id='word_1_94' title='bbox 260 1556 335 1605; x_wconf 86' lang='lat' dir='ltr'>muta</span> <span class='ocrx_word' id='word_1_95' title='bbox 344 1548 405 1605; x_wconf 88' lang='lat' dir='ltr'>fuit.</span> 
     </span>
    </p>

    <p class='ocr_par' dir='ltr' id='par_1_10' title="bbox 38 1623 590 2078">
     <span class='ocr_line' id='line_1_19' title="bbox 38 1623 586 1699; baseline 0.007 -20"><span class='ocrx_word' id='word_1_96' title='bbox 38 1623 125 1679; x_wconf 65' lang='lat' dir='ltr'>duris</span> <span class='ocrx_word' id='word_1_97' title='bbox 135 1623 239 1697; x_wconf 84' lang='lat' dir='ltr'>aliquos</span> <span class='ocrx_word' id='word_1_98' title='bbox 249 1627 397 1699; x_wconf 78' lang='lat' dir='ltr'>praesentia</span> <span class='ocrx_word' id='word_1_99' title='bbox 408 1626 501 1682; x_wconf 87' lang='lat' dir='ltr'>rebus:</span> <span class='ocrx_word' id='word_1_100' title='bbox 584 1642 586 1647; x_wconf 74' lang='grc'>’</span> 
     </span>
     <span class='ocr_line' id='line_1_20' title="bbox 38 1700 483 1775; baseline 0.011 -20"><span class='ocrx_word' id='word_1_101' title='bbox 38 1717 72 1756; x_wconf 76' lang='lat' dir='ltr'>‚oe</span> <span class='ocrx_word' id='word_1_102' title='bbox 80 1700 176 1756; x_wconf 87' lang='lat' dir='ltr'>absens</span> <span class='ocrx_word' id='word_1_103' title='bbox 186 1708 260 1757; x_wconf 82' lang='lat' dir='ltr'>vasta</span> <span class='ocrx_word' id='word_1_104' title='bbox 270 1701 384 1775; x_wconf 83' lang='lat' dir='ltr'>procella</span> <span class='ocrx_word' id='word_1_105' title='bbox 395 1709 483 1774; x_wconf 83' lang='lat' dir='ltr'>eaput.</span> 
     </span>
     <span class='ocr_line' id='line_1_21' title="bbox 47 1775 558 1851; baseline -0.006 -19"><span class='ocrx_word' id='word_1_106' title='bbox 47 1775 165 1832; x_wconf 84' lang='lat' dir='ltr'>obruerit</span> <span class='ocrx_word' id='word_1_107' title='bbox 174 1777 244 1833; x_wconf 78' lang='lat' dir='ltr'>taciti</span> <span class='ocrx_word' id='word_1_108' title='bbox 255 1795 364 1851; x_wconf 90' lang='lat' dir='ltr'>quoque</span> <span class='ocrx_word' id='word_1_109' title='bbox 373 1776 492 1833; x_wconf 84' lang='lat' dir='ltr'>Caesaris</span> <span class='ocrx_word' id='word_1_110' title='bbox 503 1776 558 1830; x_wconf 76' lang='lat' dir='ltr'>ira‘?</span> 
     </span>
     <span class='ocr_line' id='line_1_22' title="bbox 38 1852 475 1925; baseline -0.002 -18"><span class='ocrx_word' id='word_1_111' title='bbox 38 1859 93 1908; x_wconf 68' lang='lat' dir='ltr'><strong>sunt</strong></span> <span class='ocrx_word' id='word_1_112' title='bbox 101 1853 194 1924; x_wconf 87' lang='lat' dir='ltr'>poenis</span> <span class='ocrx_word' id='word_1_113' title='bbox 204 1872 296 1925; x_wconf 84' lang='lat' dir='ltr'>aspera</span> <span class='ocrx_word' id='word_1_114' title='bbox 307 1853 387 1909; x_wconf 87' lang='lat' dir='ltr'>verba</span> <span class='ocrx_word' id='word_1_115' title='bbox 398 1852 475 1907; x_wconf 91' lang='lat' dir='ltr'>meis.</span> 
     </span>
     <span class='ocr_line' id='line_1_23' title="bbox 40 1928 590 2002; baseline -0.005 -18"><span class='ocrx_word' id='word_1_116' title='bbox 40 1928 179 2001; x_wconf 86' lang='lat' dir='ltr'>mporibus</span> <span class='ocrx_word' id='word_1_117' title='bbox 191 1928 287 1996; x_wconf 78' lang='lat' dir='ltr'>levior:</span> <span class='ocrx_word' id='word_1_118' title='bbox 308 1928 441 2002; x_wconf 87' lang='lat' dir='ltr'>proiectus</span> <span class='ocrx_word' id='word_1_119' title='bbox 451 1928 479 1983; x_wconf 89' lang='lat' dir='ltr'>in</span> <span class='ocrx_word' id='word_1_120' title='bbox 491 1945 590 2001; x_wconf 87' lang='lat' dir='ltr'>aequor</span> 
     </span>
     <span class='ocr_line' id='line_1_24' title="bbox 39 2003 461 2078; baseline 0 -19"><span class='ocrx_word' id='word_1_121' title='bbox 39 2023 67 2060; x_wconf 92' lang='lat' dir='ltr'>m</span> <span class='ocrx_word' id='word_1_122' title='bbox 76 2003 149 2061; x_wconf 90' lang='lat' dir='ltr'>subii</span> <span class='ocrx_word' id='word_1_123' title='bbox 161 2004 353 2078; x_wconf 68' lang='lat' dir='ltr'>Pleiadumque</span> <span class='ocrx_word' id='word_1_124' title='bbox 363 2006 461 2060; x_wconf 84' lang='lat' dir='ltr'>minas.</span> 
     </span>
    </p>

    <p class='ocr_par' dir='ltr' id='par_1_11' title="bbox 38 2080 566 2230">
     <span class='ocr_line' id='line_1_25' title="bbox 38 2080 566 2155; baseline -0.004 -19"><span class='ocrx_word' id='word_1_125' title='bbox 38 2089 65 2136; x_wconf 84' lang='lat' dir='ltr'>nt</span> <span class='ocrx_word' id='word_1_126' title='bbox 72 2081 189 2136; x_wconf 89' lang='lat' dir='ltr'>hiemem</span> <span class='ocrx_word' id='word_1_127' title='bbox 198 2080 330 2155; x_wconf 88' lang='lat' dir='ltr'>placidam</span> <span class='ocrx_word' id='word_1_128' title='bbox 342 2081 439 2137; x_wconf 86' lang='lat' dir='ltr'>sentire</span> <span class='ocrx_word' id='word_1_129' title='bbox 448 2080 566 2136; x_wconf 83' lang='lat' dir='ltr'>carinae:</span> 
     </span>
     <span class='ocr_line' id='line_1_26' title="bbox 38 2155 451 2230; baseline 0.002 -19"><span class='ocrx_word' id='word_1_130' title='bbox 38 2174 91 2211; x_wconf 76' lang='lat' dir='ltr'>aeae</span> <span class='ocrx_word' id='word_1_131' title='bbox 100 2157 185 2230; x_wconf 90' lang='lat' dir='ltr'>puppi</span> <span class='ocrx_word' id='word_1_132' title='bbox 195 2158 297 2214; x_wconf 85' lang='lat' dir='ltr'>saevior</span> <span class='ocrx_word' id='word_1_133' title='bbox 308 2156 380 2213; x_wconf 90' lang='lat' dir='ltr'>unda</span> <span class='ocrx_word' id='word_1_134' title='bbox 390 2155 451 2212; x_wconf 79' lang='lat' dir='ltr'>fuit.</span> 
     </span>
    </p>

    <p class='ocr_par' dir='ltr' id='par_1_12' title="bbox 38 2231 579 2382">
     <span class='ocr_line' id='line_1_27' title="bbox 38 2231 579 2307; baseline -0.007 -18"><span class='ocrx_word' id='word_1_135' title='bbox 38 2253 40 2282; x_wconf 72' lang='grc' dir='ltr'><strong>ι</strong></span> <span class='ocrx_word' id='word_1_136' title='bbox 50 2233 178 2289; x_wconf 85' lang='lat' dir='ltr'>comitum</span> <span class='ocrx_word' id='word_1_137' title='bbox 187 2240 289 2307; x_wconf 86' lang='lat' dir='ltr'>poterat</span> <span class='ocrx_word' id='word_1_138' title='bbox 297 2231 367 2288; x_wconf 88' lang='lat' dir='ltr'>mala</span> <span class='ocrx_word' id='word_1_139' title='bbox 377 2241 467 2289; x_wconf 77' lang='lat' dir='ltr'>nostra</span> <span class='ocrx_word' id='word_1_140' title='bbox 479 2231 579 2287; x_wconf 80' lang='lat' dir='ltr'>levare:</span> 
     </span>
     <span class='ocr_line' id='line_1_28' title="bbox 38 2308 447 2382; baseline 0.005 -21"><span class='ocrx_word' id='word_1_141' title='bbox 38 2316 53 2363; x_wconf 65' lang='lat' dir='ltr'>et</span> <span class='ocrx_word' id='word_1_142' title='bbox 62 2308 155 2381; x_wconf 83' lang='lat' dir='ltr'>spoliis</span> <span class='ocrx_word' id='word_1_143' title='bbox 164 2309 266 2382; x_wconf 85' lang='lat' dir='ltr'>perfida</span> <span class='ocrx_word' id='word_1_144' title='bbox 279 2309 357 2366; x_wconf 87' lang='lat' dir='ltr'>turba</span> <span class='ocrx_word' id='word_1_145' title='bbox 370 2311 447 2364; x_wconf 87' lang='lat' dir='ltr'>meis.</span> 
     </span>
    </p>

    <p class='ocr_par' dir='ltr' id='par_1_13' title="bbox 38 2383 492 2532">
     <span class='ocr_line' id='line_1_29' title="bbox 38 2383 486 2442; baseline -0.002 -3"><span class='ocrx_word' id='word_1_146' title='bbox 38 2383 114 2442; x_wconf 87' lang='lat' dir='ltr'>ilium</span> <span class='ocrx_word' id='word_1_147' title='bbox 124 2384 226 2442; x_wconf 79' lang='lat' dir='ltr'>faciunt</span> <span class='ocrx_word' id='word_1_148' title='bbox 236 2384 305 2442; x_wconf 78' lang='lat' dir='ltr'>laea:</span> <span class='ocrx_word' id='word_1_149' title='bbox 327 2385 426 2442; x_wconf 83' lang='lat' dir='ltr'>tristior</span> <span class='ocrx_word' id='word_1_150' title='bbox 436 2384 486 2439; x_wconf 87' lang='lat' dir='ltr'>ista</span> 
     </span>
     <span class='ocr_line' id='line_1_30' title="bbox 38 2460 492 2532; baseline -0.002 -17"><span class='ocrx_word' id='word_1_151' title='bbox 38 2460 195 2518; x_wconf 87' lang='lat' dir='ltr'>bambobus</span> <span class='ocrx_word' id='word_1_152' title='bbox 205 2479 257 2518; x_wconf 89' lang='lat' dir='ltr'>non</span> <span class='ocrx_word' id='word_1_153' title='bbox 268 2461 335 2518; x_wconf 81' lang='lat' dir='ltr'>iacet</span> <span class='ocrx_word' id='word_1_154' title='bbox 345 2460 401 2517; x_wconf 86' lang='lat' dir='ltr'>uila</span> <span class='ocrx_word' id='word_1_155' title='bbox 413 2460 492 2532; x_wconf 84' lang='lat' dir='ltr'>polis.</span> 
     </span>
    </p>

    <p class='ocr_par' dir='ltr' id='par_1_14' title="bbox 38 2535 784 2828">
     <span class='ocr_line' id='line_1_31' title="bbox 38 2535 499 2609; baseline 0 -17"><span class='ocrx_word' id='word_1_156' title='bbox 38 2535 60 2603; x_wconf 87' lang='grc' dir='ltr'>Ι,</span> <span class='ocrx_word' id='word_1_157' title='bbox 80 2537 174 2609; x_wconf 80' lang='lat' dir='ltr'>patriis</span> <span class='ocrx_word' id='word_1_158' title='bbox 186 2537 307 2594; x_wconf 81' lang='lat' dir='ltr'>vicinum</span> <span class='ocrx_word' id='word_1_159' title='bbox 317 2537 420 2594; x_wconf 81' lang='lat' dir='ltr'>finibus</span> <span class='ocrx_word' id='word_1_160' title='bbox 428 2553 499 2592; x_wconf 89' lang='lat' dir='ltr'>esse:</span> 
     </span>
     <span class='ocr_line' id='line_1_32' title="bbox 38 2612 490 2680; baseline 0 -12"><span class='ocrx_word' id='word_1_161' title='bbox 38 2612 176 2680; x_wconf 68' lang='lat' dir='ltr'>novellus,</span> <span class='ocrx_word' id='word_1_162' title='bbox 196 2612 309 2670; x_wconf 89' lang='lat' dir='ltr'>ultimus</span> <span class='ocrx_word' id='word_1_163' title='bbox 319 2612 392 2669; x_wconf 83' lang='lat' dir='ltr'>orbis</span> <span class='ocrx_word' id='word_1_164' title='bbox 401 2612 490 2668; x_wconf 82' lang='lat' dir='ltr'>habet.</span> 
     </span>
     <span class='ocr_line' id='line_1_33' title="bbox 38 2687 600 2763; baseline -0.002 -18"><span class='ocrx_word' id='word_1_165' title='bbox 38 2689 189 2747; x_wconf 82' lang='lat' dir='ltr'>exsulibus</span> <span class='ocrx_word' id='word_1_166' title='bbox 198 2707 291 2763; x_wconf 85' lang='lat' dir='ltr'>pacem</span> <span class='ocrx_word' id='word_1_167' title='bbox 302 2697 347 2746; x_wconf 85' lang='lat' dir='ltr'>tua</span> <span class='ocrx_word' id='word_1_168' title='bbox 359 2687 462 2756; x_wconf 71' lang='lat' dir='ltr'>laurea,</span> <span class='ocrx_word' id='word_1_169' title='bbox 483 2688 600 2748; x_wconf 69' lang='lat' dir='ltr'>Caesae:</span> 
     </span>
     <span class='ocr_line' id='line_1_34' title="bbox 38 2765 784 2828; baseline 0.015 -6"><span class='ocrx_word' id='word_1_170' title='bbox 38 2765 472 2828; x_wconf 71' lang='lat' dir='ltr'>enitimoerrasubhoseeiaoea.</span> <span class='ocrx_word' id='word_1_171' title='bbox 731 2794 784 2818; x_wconf 56' lang='lat' dir='ltr'>a·</span> 
     </span>
    </p>
   </div>
   <div class='ocr_carea' id='block_1_3' title="bbox 0 0 954 2970">
    <p class='ocr_par' dir='ltr' id='par_1_15' title="bbox 0 0 954 2970">
     <span class='ocr_line' id='line_1_35' title="bbox 0 0 954 2970; baseline 0 0"><span class='ocrx_word' id='word_1_172' title='bbox 0 0 954 2970; x_wconf 95' lang='lat' dir='ltr'> </span> 
     </span>
    </p>
   </div>
  </div>
 </body>
</html>
