1898 2970
155 187 205 241 334
347 190 375 236 Ρ.
396 186 527 237 ovtml
544 185 715 236 NASONIS

155 294 245 350 Stabat
254 291 336 348 Amor
344 289 438 358 vultu.
459 305 578 364 nonque
588 289 667 361 prius
677 289 861 365 esculeto..

192 367 275 424 lulora
287 375 381 424 tenens
393 365 467 423 laeva
477 365 560 421 tristis
571 381 666 421 acerna
676 383 776 437 manu;

101 459 127 502 ts
156 462 203 501 nec
212 451 335 517 torquem
345 441 427 508 collo,
448 458 497 498 nec
506 441 609 497 hahens
619 440 721 498 crinale
730 441 852 516 cupillis3

139 523 143 533 '
194 537 241 574 nec
251 518 488 591 benecompositas
498 515 597 583 cultus,
618 524 730 584 utente,
751 534 854 576 eomas.

155 594 267 651 Horrida
276 592 428 667 pendebant
438 591 532 650 molles
542 591 794 666 superoracupilli;
942 650 945 655 ,

194 679 219 726 et
229 670 286 725 viso
297 679 338 725 est
346 667 431 724 oculis
441 668 550 726 horrido
559 684 648 741 penna
657 669 737 736 meis,
854 688 855 692 ¹

156 745 246 820 qualis
257 747 285 801 in
295 743 380 800 aeriae
389 751 463 819 tergo
473 743 540 800 solet
547 760 606 799 esse
615 736 766 811 columbae,

79 868 82 873 .
102 835 128 878 2⁰
194 828 330 877 tractatam
340 819 440 876 multae
454 836 537 892 quam
550 819 658 906 tetigere
667 837 778 876 manus.

159 899 237 954 llunc
247 893 329 951 simul
340 895 448 969 agnovi,
459 895 557 969 (neque
566 912 639 950 enim
648 894 718 951 mihi
729 896 818 953 notior
826 895 914 970 alten)

196 970 295 1026 talibus
305 970 381 1026 affata
391 979 431 1026 est
441 970 523 1026 libera
534 970 626 1044 lingua
639 970 730 1027 sonis:

159 1049 269 1120 Opuer,
291 1045 379 1102 exsilii
389 1045 498 1120 decepto
506 1063 600 1101 caussa
610 1047 750 1121 magistro,

97 1170 103 1181 .
195 1140 276 1196 quem
286 1121 338 1178 luit
350 1119 446 1178 utilius
455 1138 509 1179 nou
522 1120 644 1178 docuisse
654 1122 738 1190 mihi;

104 1211 130 1254 25
158 1199 330 1271 hucquoque
338 1196 452 1267 venisti,
471 1204 575 1271 paxest
583 1195 631 1253 uhi
641 1205 761 1271 tempore
771 1195 857 1265 nullo,

196 1283 221 1328 et
231 1273 425 1330 coitadstrictis
434 1272 565 1331 barbarus
573 1271 639 1329 letor
648 1271 748 1347 aquis?

159 1348 233 1416 Quae
242 1349 292 1404 tibi
301 1366 397 1405 caussa
409 1347 487 1405 viae?
495 1349 548 1405 nisi
559 1348 598 1405 uti
609 1347 680 1405 malo
691 1357 781 1406 nostra
791 1347 916 1406 videres?

197 1431 354 1497 quaesunt,
375 1424 511 1490 sinescis‚
532 1423 735 1481 invidiosatihi.

160 1503 200 1556 Tu
211 1499 278 1554 mihi
290 1498 394 1553 dictasti
407 1498 537 1555 iuvenilia
546 1500 665 1556 carmina
675 1501 796 1573 primus:

29 1568 32 1575 ’
105 1588 131 1632 tu
197 1575 310 1647 apposui
319 1576 407 1640 senis,
430 1573 545 1641 teduce,
566 1575 690 1648 quinque
701 1575 797 1649 pedes:

160 1669 208 1708 nec
218 1669 260 1705 me
269 1650 389 1707 Maeonio
398 1667 558 1724 consurgere
567 1651 696 1718 carmine,
718 1669 768 1706 nec
778 1670 821 1708 me

197 1727 284 1782 dicere
294 1743 454 1802 magnorum
464 1743 561 1798 passus
571 1744 600 1780 es
610 1735 668 1782 acta
677 1727 790 1782 ducum.

160 1804 282 1859 Forsitan
292 1801 419 1878 exiguus,
440 1801 545 1874 aliquas
555 1809 655 1868 tamen,
678 1819 757 1858 arcus
767 1811 793 1858 et
803 1803 887 1878 ignis·

45 1930 48 1936 .
198 1879 299 1952 ingenii
310 1879 381 1934 vires
391 1877 574 1935 comminuere
583 1877 646 1934 mei.

106 1966 131 2009 35
160 1956 283 2026 Namque
293 1970 342 2029 ego
351 1953 418 2009 dum
428 1961 505 2010 cauto
514 1958 915 2030 tuaregna,tuaequeparentis‚

199 2030 227 2085 in
238 2028 345 2085 nullum
355 2046 414 2084 mea
423 2046 501 2084 mens
509 2029 610 2104 grande
618 2030 724 2085 vacavit
732 2048 812 2103 opus.

160 2105 215 2158 Nec
224 2106 288 2160 satis
298 2106 350 2161 hoc
359 2104 458 2174 luerat;
479 2105 578 2162 stultus
589 2122 698 2179 quoque
708 2106 828 2162 carmina
841 2105 901 2174 feci,

199 2181 302 2237 artibus
312 2188 342 2236 ut
351 2197 443 2253 posses
454 2199 507 2238 uon
518 2181 593 2236 rudis
603 2198 662 2237 esse
672 2182 750 2236 meis.
790 2240 793 2245 ,

161 2253 211 2307 Pro
220 2256 322 2326 quihus
331 2256 459 2312 exsilium
469 2257 567 2314 misero
577 2256 644 2313 mihi
655 2257 756 2312 reddita
768 2275 884 2315 merces:

107 2333 132 2381 tu
199 2327 226 2382 id
240 2347 348 2404 quoque
361 2332 390 2386 in
400 2332 541 2399 extremis,
561 2341 588 2389 et
596 2333 655 2389 sine
664 2349 740 2406 pace,
761 2330 838 2389 locis.

87 2422 89 2426 ·
162 2402 195 2456 At
205 2421 258 2459 uon
269 2405 413 2463 Chionides
422 2407 573 2481 Eumolpus
584 2408 613 2464 in
622 2407 729 2480 Orphea
742 2407 818 2478 talis3

200 2477 228 2531 in
239 2479 345 2558 Phryga
356 2499 404 2538 nec
413 2482 540 2557 Satyrum
550 2483 611 2539 talis
622 2483 757 2560 Olympus
768 2493 838 2539 erat:

155 2554 279 2628 praemla
290 2572 339 2612 nec
348 2556 451 2616 Chiron
459 2558 493 2614 ah
504 2557 601 2614 hehilli
610 2559 673 2614 talia
682 2561 762 2631 cepit,

192 2633 427 2714 Pythagoraeque
437 2633 530 2692 lerunt
537 2635 869 2688 uounoouussehumam.

139 2713 272 2777 Nomina
284 2734 343 2775 neu
356 2714 481 2772 referam
486 2710 610 2781 tongum
619 2703 733 2758 collecta
737 2717 786 2769 w
796 2718 909 2761 aarum„

148 2904 277 2930 A.
