1898 2970
264 185 475 235 PASTORUM
494 190 564 238 LIB.
586 193 630 238 111.
787 190 816 240 'll

74 283 150 338 l'alie
160 284 256 343 dieenti
269 287 448 361 (nequeenim
458 291 608 361 speseltera
619 296 718 366 restat)
838 309 875 350 ms

113 358 237 427 credidit,
258 380 359 418 errores
368 367 545 437 exposuitque
554 384 628 425 euos.

75 433 164 520 thue
172 434 283 493 domum
294 438 403 495 intravit
411 441 506 514 Tyrios
519 441 611 496 indutu
620 453 742 515 puretus;

112 511 331 583 rneipitdeueus3
352 523 451 571 caetera
462 517 539 571 turbe
549 515 622 572 silet:

71 587 150 642 ilaue
158 586 207 642 tibi
217 603 267 643 eur
276 588 388 654 trudam,
407 590 451 662 pie
461 608 566 656 caussa,
588 593 699 647 lavinia
711 597 819 659 coniux,

111 670 153 716 est
161 661 243 717 mihi:
263 666 399 720 eonsumsi
410 665 557 739 naufragus
567 666 650 721 huius
658 685 730 738 opes.
837 682 875 723 eeu

58 786 61 790 ,
72 737 138 793 Ortu
148 737 219 811 Tyro
230 747 285 793 est:
305 755 418 813 mgnum
428 741 528 815 Libyes
538 743 656 813 possedit
666 742 694 797 in
703 760 762 800 om:

51 848 55 854 -
111 829 196 884 quem
206 829 299 883 precor
307 820 338 869 ut
346 831 422 868 curae
432 833 504 870 more
514 817 612 871 sororis
622 834 705 872 umes.

73 887 172 943 Omnia
183 887 326 958 promittit:
347 886 500 961 salsumque
509 891 621 945 Lavinia
633 890 733 946 vulnus

112 970 202 1018 mente
211 962 404 1034 promittimur,
424 962 629 1036 dissimulatque
643 975 743 1020 metus:

72 1038 198 1110 donaque
207 1055 294 1110 quum
304 1036 393 1093 videat
403 1046 506 1110 praeter
515 1057 562 1094 sua
575 1039 677 1095 lumina
687 1040 747 1096 ferri
837 1056 875 1096 635

111 1111 196 1169 multe
207 1110 305 1185 palem.
326 1112 395 1168 mitti
407 1113 474 1168 clam
486 1132 595 1187 queque
605 1115 688 1170 multe
701 1127 785 1189 putet.

72 1189 365 1255 Nonhebetexeetum‚
385 1188 453 1262 quid
462 1198 531 1264 agat.
561 1190 778 1251 Furieliteroditz

109 1272 137 1319 et
145 1272 221 1336 purat
230 1263 351 1330 iusidias,
371 1273 397 1320 et
405 1266 480 1336 eupit
488 1265 544 1320 ulte
554 1269 630 1321 mori.

73 1338 135 1396 Nox
144 1347 214 1394 erat:
234 1345 295 1394 aute
305 1347 391 1395 terum
403 1340 461 1393 visa
471 1348 511 1394 est
520 1340 622 1396 adstare
632 1344 729 1398 sororis

111 1413 245 1486 squalenti
254 1413 321 1470 Dido
329 1413 531 1488 sauguinolenta
541 1431 625 1481 coma,
836 1426 874 1470 utu

73 1498 99 1546 et
117 1490 207 1565 Fuge,
231 1505 265 1545 ue
282 1488 388 1556 dubita,
408 1497 539 1547 moestum
561 1490 632 1565 fuge,
657 1491 756 1556 dicere,
783 1503 814 1545 te

282 1586 285 1591 ·
581 1574 664 1621 ctum.

111 1639 169 1695 Sub
179 1639 291 1697 verbum
300 1639 428 1714 querulas
436 1641 545 1712 impulit
554 1659 616 1696 aura
628 1640 705 1696 iores.

74 1713 185 1771 Exedit.-
205 1721 232 1770 et
240 1715 317 1771 velox
327 1715 426 1771 humili
436 1733 516 1786 super
527 1733 588 1770 arva
599 1715 709 1769 fenestra

111 1789 222 1846 reiecit.
250 1789 385 1846 Audueem
395 1790 490 1845 leeerat
498 1791 556 1860 ipse
566 1790 654 1842 timor.

72 1863 188 1938 Quaque
197 1872 270 1922 metu
281 1864 393 1937 rapitur,
413 1864 503 1920 turrice
513 1862 597 1918 velata
607 1864 730 1930 recincta,
834 1873 872 1917 ets

111 1939 208 2005 eurrit.
228 1947 259 1996 ut
268 1939 366 1996 auditis
374 1940 464 1995 territa
476 1939 553 1995 dama
566 1939 646 2011 lupis.

72 2015 153 2072 Cerni
173 2032 202 2070 er
210 2014 280 2071 hane
290 2015 400 2070 tumidis
409 2014 530 2088 rapuisse
539 2015 680 2072 Numicius
691 2014 771 2071 undis

176 2091 238 2155 tur,
257 2098 284 2145 et
292 2090 394 2163 stagnis
402 2089 551 2147 occuluisse
560 2092 628 2146 suis.

72 2164 180 2222 Sidonis
190 2164 289 2221 interea
302 2181 400 2238 magno
409 2163 522 2220 elamore
534 2182 582 2236 per
590 2182 667 2238 agros

110 2239 257 2313 quaeritur.
287 2238 422 2312 Appureut
430 2239 508 2312 signe
517 2246 645 2310 notaeque
655 2239 764 2310 pedum.
833 2249 872 2289 esu

72 2316 256 2379 Ventumeret
265 2314 298 2369 ad
311 2314 397 2386 ripas:
418 2313 522 2370 luerent
531 2313 641 2387 vestigia
655 2314 731 2384 ripis.

110 2389 245 2446 Sustinuit
253 2389 345 2445 tacitus
354 2389 477 2446 eonseius
486 2389 574 2443 amnis
583 2406 677 2460 aquas.

71 2467 133 2540 lpse
143 2464 218 2537 loqui
229 2463 287 2521 uisu
295 2472 349 2530 est,
369 2464 468 2519 Placidi
478 2482 539 2519 sum
550 2463 678 2541 Nympha
685 2462 814 2518 Numer.

110 2538 741 2611 rmnepersrreletersrlrrmi’ermmrmsr.

64 2614 293 2671 prorueremus
303 2614 367 2675 laeti
380 2631 536 2683 vescuntur
545 2623 582 2682 iu
590 2621 685 2703 agris„

89 2693 117 2737 et
122 2686 263 2766 eelebrent
272 2690 354 2777 largo
365 2717 459 2782 seque
469 2702 617 2785 diemque
626 2714 729 2761 meru·

881 2610 918 2647 W
