1898 2970
163 114 216 163 EX
233 115 367 163 PONTO
385 117 439 163 ΕΡ.
459 118 530 163 LlB.
545 117 590 164 lv.
610 116 665 166 ΕΡ.
680 117 705 166 2.
754 109 797 163 351

51 218 161 277 Mittere
170 217 203 272 ed
214 217 288 274 hunc
297 235 414 285 carmen,
432 217 538 274 frondes
548 226 603 274 erat
612 219 706 276 addere
716 218 801 274 silvis.

92 294 166 349 liaeo
174 293 243 349 mihi
252 294 395 351 cunctandi
404 311 513 361 caussa,
534 293 642 362 Severe,
662 295 723 351 fuit.

53 370 111 426 Nee
122 376 213 425 temen
222 368 363 444 ingenium
371 369 450 426 nobis
459 370 612 442 respondet,
632 378 745 427 utente:
834 382 858 424 15

94 443 256 501 sedsieeum
265 445 348 501 sterili
358 463 466 502 vomere
475 446 550 503 littus
560 465 615 502 uro.

54 520 163 577 Scilicet
172 527 204 578 ut
212 518 295 579 limus
305 538 386 577 venus
396 530 516 579 excaecet
524 523 554 579 iu
563 521 654 587 undis,
694 570 698 578 .

96 596 222 670 laesaque
231 613 376 670 suppresso
386 596 457 655 fonte
466 598 564 654 resistit
574 615 657 672 aqua;

55 680 163 746 pectora
172 671 213 727 sic
223 689 280 728 mes
291 679 356 730 sunt
365 672 430 730 limo
438 673 529 729 vitiata
540 674 685 730 mulorum:

95 756 123 803 et
133 764 241 805 carmen
253 766 321 804 ueus
331 750 487 823 pauperiore
496 748 564 805 fluit.
836 760 861 802 2⁰

57 822 88 879 Si
97 822 161 896 quis
171 823 200 879 in
213 823 263 879 hae
273 824 364 898 ipsum
374 832 441 879 terra
455 826 588 897 posuisset
597 826 755 892 Homerum;

97 904 180 966 esset,
201 899 278 955 erede
288 899 366 967 mihi,
387 898 471 956 factus
481 899 559 955 etille
570 900 658 956 Getes.

57 973 311 1045 Deveniemfuss03
332 973 429 1033 studiis
439 992 548 1049 quoque
557 975 630 1030 irena
643 974 749 1029 remisi:
848 1023 851 1029 .

97 1048 206 1106 ducitur
215 1057 241 1105 et
249 1049 341 1126 digitis
350 1049 425 1107 litera
434 1069 492 1107 rura
503 1050 580 1107 meis.

56 1127 179 1199 Impetus
189 1124 235 1182 ille
243 1143 326 1193 secer,
347 1127 395 1200 qui
404 1134 495 1183 uatum
506 1134 611 1199 pectora
621 1126 713 1193 nutrit,
838 1136 863 1179 u

97 1200 145 1276 qui
155 1201 234 1274 prius
243 1200 272 1258 in
283 1202 362 1260 nobis
371 1219 429 1258 esse
438 1200 551 1268 solebat,
573 1201 656 1257 abest.

51 1276 197 1337 Vixveuit
207 1276 240 1333 ed
250 1285 348 1351 partes,
368 1278 416 1334 vix
425 1286 529 1334 sumtae
539 1279 615 1333 Musa
624 1275 734 1332 tabellae

96 1352 214 1426 imponit
225 1353 316 1429 pigrus
326 1370 410 1427 paene
419 1362 506 1410 coactu
516 1370 628 1410 manus:

56 1444 213 1504 pemque,
235 1429 364 1486 sedicem
374 1429 508 1486 scribendi
518 1428 592 1487 nullu
603 1428 725 1503 voluptas

97 1503 231 1563 estmihi:
253 1521 301 1561 nee
310 1506 431 1561 numeris
441 1513 543 1561 nectere
552 1507 632 1563 verbe
643 1506 731 1573 iuvat;
840 1515 864 1555 uu

58 1581 119 1638 sive
128 1578 203 1654 quod
212 1577 276 1636 hine
285 1578 388 1637 fruetus
398 1581 462 1637 adeo
473 1599 525 1636 nou
536 1581 658 1652 cepimus
670 1578 750 1644 ullos,

97 1655 357 1730 principiumrnostri
367 1674 409 1712 res
418 1657 453 1712 sit
463 1664 494 1712 ut
503 1657 553 1711 ista
564 1655 642 1710 maii:

58 1730 122 1789 siue
127 1730 203 1805 quod
213 1730 242 1787 in
253 1732 368 1787 tenebris
378 1749 533 1789 numerosos
543 1746 641 1802 ponere
649 1735 750 1803 gestus,

98 1805 399 1882 quodqueiegesnuili,
420 1807 534 1864 scribere
544 1821 661 1870 carmen,
678 1802 749 1859 idem
759 1810 808 1856 est.

57 1882 279 1943 Rxeiteteuditor
291 1883 426 1939 studium:
448 1882 553 1938 laudata
573 1899 608 1938 ue
616 1881 702 1936 virtus
839 1888 864 1929 35

97 1957 207 2027 ereseit3
227 1966 253 2013 et
261 1959 425 2015 immensum
453 1898 710 2015 loriacaiearhabet.

58 2036 109 2092 iiie
118 2050 179 2091 mee
188 2033 233 2090 eui
243 2035 350 2090 recitem
363 2034 416 2092 nisi
426 1976 502 2090 [isvis
511 2035 608 2106 scripte
620 2029 739 2095 Corallis,

97 2125 222 2184 quasque
231 2108 297 2166 elias
306 2117 398 2186 gentes
408 2109 537 2166 barbarus
547 2110 613 2165 Ister
621 2104 718 2163 hebeti

58 2183 382 2261 Sedquidsoiusegam?
400 2203 509 2259 qusque
518 2182 634 2241 infelicis
643 2181 752 2256 perdam

98 2266 152 2322 otia
168 2260 289 2328 materie,
309 2261 508 2334 surripiamque
517 2257 608 2317 diem?
840 2263 865 2308 iu

59 2337 131 2393 Nem
141 2335 207 2409 quis
217 2352 266 2391 nee
277 2336 373 2393 uinum
385 2354 432 2392 nee
441 2355 484 2392 me
494 2343 564 2393 tenet
574 2335 629 2391 ntea
639 2330 730 2399 fallax,

97 2429 148 2485 per
156 2427 228 2486 ques
236 2411 305 2467 clam
316 2412 426 2468 tacitum
435 2420 540 2484 tempus
553 2411 625 2466 abire
635 2407 713 2478 selet;

58 2488 111 2545 nee
119 2504 175 2555 me,
194 2487 267 2561 quod
278 2504 411 2560 euperem,
433 2487 456 2543 si
469 2505 517 2560 per
526 2486 580 2543 feru
593 2483 664 2542 heliu
673 2482 779 2549 uesieu„

97 2562 211 2619 obiectet
216 2561 291 2616 cultu
301 2570 368 2619 terte
380 2573 477 2621 novate
487 2583 557 2622 suo:

46 2634 123 2705 quid,
143 2634 203 2689 uisi
209 2635 337 2706 Pierides,
359 2641 462 2698 solatia
473 2641 597 2722 frigide¹
622 2647 746 2708 restent.

883 2632 917 2675 tus
