1898 2970
165 191 216 238 Ex
235 191 369 239 PONTO
388 193 441 238 ΕΡ.
462 192 533 238 LIB.
546 192 588 240 tv.
609 191 721 242 EP.1⁰.
765 188 814 239 369

67 291 120 362 Qui
130 311 298 368 quamquam
310 294 402 350 dextra
414 294 521 369 regione
530 295 653 351 licentius
663 303 764 366 errant;

104 387 229 426 securum
240 369 310 426 latus
320 370 370 426 hoo
379 389 432 426 non
444 378 532 427 tamen
544 387 603 427 esse
612 370 716 428 sinunt.
845 383 870 427 to

67 444 340 520 iliongriinlrondos‚
362 446 406 500 hic
416 445 519 519 spicula
530 447 611 502 tincta
621 448 748 503 venenis:

104 521 150 576 hio
158 519 223 576 freta
231 519 274 576 vol
287 520 370 593 pediti
380 523 470 593 pervia
481 522 567 576 reddit
579 522 681 579 hiems:

68 604 108 664 ut,
130 613 184 669 qua
194 613 285 652 remus
295 597 344 651 iter
352 597 440 668 pulsis
450 597 528 653 modo
538 597 633 652 lecerat
646 598 738 666 undis,

106 674 194 728 sioous
203 679 334 728 contemta
348 690 416 727 navo
425 673 510 729 viator
518 681 567 728 eat.

68 747 120 816 Qui
134 747 245 803 veniunt
254 747 343 814 istinc,
365 748 412 803 vix
421 766 470 804 vos
479 766 509 804 ea
518 748 623 804 eredere
632 749 736 804 dicunt.
846 764 871 805 ³5

106 823 193 891 Quam
203 823 285 879 miser
296 831 346 890 est,
367 826 415 896 qui
426 823 475 878 lert
485 825 618 897 asperiora
628 824 680 879 fide
691 826 697 880 l

69 899 153 956 Crede
161 906 265 956 tamen:
287 915 337 954 neo
345 906 370 953 te
382 917 491 955 caussas
502 900 603 955 nescire
613 901 743 964 sinemus¹

106 974 212 1031 horrida
222 973 400 1031 Sarmaticum
409 992 458 1030 cur
467 993 540 1030 mare
548 974 626 1031 duret
634 976 730 1031 hiems.

68 1050 192 1106 meima
205 1059 270 1106 sunt
280 1051 358 1106 nobis
367 1049 480 1123 plaustri
490 1051 642 1123 praebentia
653 1050 777 1118 formam,

106 1134 132 1182 et
141 1144 210 1200 quae
221 1126 397 1200 praecipuum
407 1127 493 1181 sidera
504 1126 591 1200 frigus
604 1126 712 1182 hahent.
847 1136 873 1182 tn

68 1203 137 1258 Hinc
146 1202 230 1258 oritur
239 1203 344 1268 Boreas,
366 1219 479 1274 oraeque
489 1200 725 1258 domesticushuio
737 1211 790 1272 est,

106 1286 132 1333 et
140 1279 224 1333 sumit
233 1278 304 1333 vires
317 1296 332 1333 a
344 1278 467 1350 propiore
475 1276 541 1333 loco.

69 1355 104 1410 ht
112 1354 207 1411 Notus.
219 1355 330 1411 adverso
344 1353 464 1425 tepidum
475 1352 523 1425 qui
534 1352 618 1425 spirat
627 1353 661 1410 sb
671 1371 730 1421 axe,

106 1436 147 1485 est
154 1429 258 1503 procul,
279 1437 305 1485 et
315 1446 392 1484 rarus
406 1429 612 1504 languidiorque
621 1431 705 1486 venit.

69 1505 145 1561 Adde
153 1505 225 1578 quod
234 1505 279 1560 hio
289 1503 381 1561 clauso
392 1504 538 1562 miscentur
547 1504 661 1561 flumina
672 1507 764 1572 Ponto,
847 1516 873 1561 rs

107 1581 219 1654 vimque
228 1580 326 1637 fretum
336 1580 421 1638 multo
430 1581 517 1655 perdit
526 1582 561 1638 ab
570 1599 650 1637 amne
662 1598 752 1637 suam.

69 1658 127 1712 lluo
146 1658 250 1733 Lycus,
276 1657 329 1712 huo
347 1657 453 1733 Sagaris
473 1658 626 1788 Peniusqug
644 1657 820 1730 Hypanisque

627 1739 750 1787 ratosne

108 1806 205 1873 intluit,
227 1809 352 1864 etorehro
362 1807 460 1864 vortice
469 1816 553 1863 tortus
563 1805 661 1882 Halys:
696 1749 714 1804 q

70 1882 385 1956 Partheniusquerapnx‚
406 1882 760 1958 etvolrenssaxaCynapes

109 1958 221 2029 labitur3
241 1968 267 2014 et
277 1959 352 2016 nullo
360 1959 459 2016 tardior
468 1977 547 2015 amns
556 1960 654 2035 Tyras:
848 1973 873 2013 50

70 2042 96 2089 et
105 2042 144 2100 tu,
164 2033 293 2092 femineae
303 2035 471 2092 Thermodon
480 2035 585 2110 cognite
596 2043 712 2104 turmao;

108 2119 134 2164 et
142 2109 278 2182 quondam
291 2111 380 2167 Graiis
390 2111 470 2166 Phasi
480 2112 560 2182 petite
570 2111 651 2166 viris:

69 2186 366 2262 eumqueBorysthenio
376 2185 574 2259 liquidissimus
585 2203 664 2241 amne
673 2186 814 2260 Dyraspes,

108 2269 133 2316 et
143 2261 219 2317 tacite
227 2278 357 2337 peragens
367 2260 426 2317 lens
438 2260 591 2319 Melanthus
602 2261 664 2316 iter:

70 2337 174 2410 quique
183 2337 251 2393 duas
260 2344 352 2411 terras,
373 2336 466 2394 Asiam
476 2337 625 2410 Cadmique
634 2353 752 2395 sororem
847 2349 872 2392 55

107 2420 221 2486 separat,
242 2420 267 2468 et
275 2429 373 2469 cursus
382 2413 452 2470 inter
464 2422 607 2486 utramque
617 2411 693 2468 lacit:

70 2488 262 2561 innumerique
271 2488 331 2545 alii:
352 2507 421 2563 quos
431 2491 500 2546 inter
510 2505 647 2545 maximus
656 2506 750 2546 omnes

107 2563 200 2620 cedere
208 2565 348 2621 Danubius
357 2583 386 2621 se
396 2564 454 2632 tihi,
476 2563 546 2632 Nile,
567 2572 655 2640 negat.

70 2639 154 2715 Copia
164 2648 203 2697 tot
212 2639 332 2708 lafionm,
352 2659 421 2715 quas
434 2648 522 2715 auget,
544 2640 675 2698 adulterat
684 2639 786 2696 undas:

108 2716 657 2793 neopatiturriresaoquorhaheresuas.
863 2719 896 2753 as

105 2801 178 2859 Oun.
196 2804 224 2860 T.
239 2803 286 2860 ΠΙ.
700 2797 754 2850 hu
