1898 2970
160 175 212 222 EX
230 174 364 227 nouTo
383 176 438 222 ΕΡ.
457 176 585 224 Luarv.
605 177 659 224 ΕΡ.
679 178 719 224 14.
764 170 814 226 375

239 421 500 480 EPISTOLA
546 422 640 480 x1v.

151 543 221 586 an
299 541 735 588 nunacsnun

70 650 147 714 Haec
167 655 214 714 tibi
234 655 393 722 mittuntur,
423 672 504 730 quem
524 672 587 711 sum
605 655 817 716 mcdncarmine

623 739 726 798 uastus,

108 826 161 865 non
171 814 265 881 aptum
277 808 396 863 numeris
407 824 504 864 nomen
514 749 704 864 habereqmeis:

71 884 221 958 inquibus,
243 882 818 958 exceptoquodadhucutcanquavalamua,

108 960 145 1017 nil
158 977 200 1016 me
208 967 341 1033 praeterea
351 959 423 1034 quod
433 959 506 1015 iuvet
515 959 647 1016 invenies.

70 1040 129 1110 Ipsa
138 1054 248 1110 quoque
258 1041 299 1090 est
307 1034 393 1092 invisa
404 1034 491 1090 salus:
513 1041 631 1109 suntque
645 1034 740 1092 ultima
750 1043 820 1104 vcta.
860 1049 872 1093 5

107 1112 228 1185 quolibet
237 1130 271 1167 ex
280 1111 338 1166 istis
348 1111 448 1167 scilicet
457 1111 495 1165 ire
505 1110 579 1167 locis.

70 1187 150 1244 Nulla
160 1187 227 1243 mihi
239 1204 302 1256 cura
313 1195 366 1254 est,
387 1195 453 1243 terra
464 1205 519 1260 quo
529 1186 619 1242 mittar
627 1188 662 1244 ab
676 1187 740 1243 isca:

108 1265 159 1319 hac
167 1265 241 1336 quia,
263 1281 345 1337 quam
356 1263 442 1329 video,
463 1263 731 1337 graticrcmniseait.

71 1342 102 1395 In
113 1338 214 1394 medias
224 1337 325 1413 Syrtes,
346 1339 461 1395 mediam
473 1355 531 1394 mea
541 1337 599 1395 vela
610 1338 766 1415 Charybdin

108 1414 213 1481 mittite,
234 1416 365 1487 praesenti
376 1414 443 1471 dum
452 1432 589 1471 careamus
599 1414 693 1472 huma.
848 1429 873 1472 10

70 1490 817 1567 Stquucquc,siqnideaest,beneccmmutabitur1strc:

108 1558 209 1640 siquid
221 1572 247 1621 et
257 1565 377 1633 inferius,
389 1584 471 1640 quum
484 1568 575 1643 Styga,
593 1568 714 1623 mundus
726 1568 816 1624 habet.

71 1643 199 1700 Gramina
212 1641 301 1698 cultus
310 1661 382 1716 ager,
403 1642 489 1717 frigus
499 1645 590 1699 minus
600 1642 796 1712 cdithirundo;

108 1718 230 1790 proxima
239 1718 382 1774 Marticolis
391 1735 474 1791 quam
486 1718 541 1773 loca
551 1719 622 1774 Naso
632 1719 717 1774 Getis.
812 1766 815 1771 .

71 1795 145 1849 Talia
154 1801 312 1850 succensent
320 1800 427 1866 propter
439 1792 506 1847 mihi
519 1793 599 1849 verba
610 1793 738 1860 Tomitae,
849 1807 873 1850 ιε

108 1871 202 1942 iraque
210 1870 378 1925 carminibus
387 1867 495 1941 publiea
506 1876 575 1925 mota
585 1870 664 1925 meis.

70 1948 141 2021 Ergo
150 1963 199 2020 ego
208 1946 318 2001 cessabo
327 1962 467 2018 uunquam
477 1963 525 2017 per
534 1944 652 2001 carmina
663 1944 741 2011 laedi,

108 2021 206 2094 plectar
215 2029 240 2076 et
249 2022 355 2077 incauto
364 2038 470 2094 semper
479 2022 512 2076 ab
523 2017 648 2096 ingania?

71 2096 804 2229 “azau:aiziumffiissfffflszssffsss‘zzza
847 2185 872 2228 a

71 2249 103 2304 ad
114 2191 213 2306 magras
224 2247 348 2321 scopulos
359 2215 456 2303 iterum
464 2191 583 2305 {iveram
592 2257 617 2303 et
626 2215 696 2314 illis,
719 2190 736 2246 q

108 2325 137 2381 in
147 2325 248 2398 quibus
258 2323 367 2380 offendit
377 2323 504 2400 naufraga
513 2326 623 2397 puppis,
645 2322 748 2396 aquas‘i

70 2401 122 2457 Sed
133 2400 200 2457 nihil
212 2400 323 2456 admisi:
344 2397 419 2456 nulla
429 2409 468 2455 est
481 2418 538 2455 mea
549 2399 638 2473 culpa,
659 2400 787 2466 Tomitae,

107 2495 243 2551 qucsegc,
265 2494 352 2548 quum
362 2475 418 2532 loca
427 2476 479 2532 sim
489 2483 575 2531 vestra
585 2493 706 2549 perosus,
727 2495 797 2534 amc.
911 2542 913 2547 y

70 2552 190 2621 Quilibet
198 2551 314 2608 excutiat
324 2554 407 2609 ucstri
417 2553 580 2608 monimenta
592 2551 703 2622 laboris3
848 2564 873 2608 25

109 2628 183 2685 litera
193 2628 226 2684 de
236 2627 313 2685 vobis
324 2635 364 2684 est
373 2646 430 2684 mea
441 2634 533 2700 queste
546 2626 624 2683 nihil.

73 2705 178 2780 Frigus,
200 2712 226 2761 et
237 2705 364 2761 incursus
374 2704 447 2763 omui
458 2704 491 2760 da
500 2711 574 2778 parts
581 2703 731 2762 cimanum,
