1898 2970
100 138 296 187 unls'rluu
312 139 382 187 ΜΒ.
401 140 444 187 ΠΙ.
463 142 522 188 BL.
542 142 584 189 12.
604 141 647 190 13.
696 137 746 191 223

42 240 174 307 leuatis,
194 247 220 297 et
228 241 303 298 Latio
311 241 412 298 reddita
422 249 482 297 vota
492 242 562 313 Iovi3

42 334 76 373 ue
84 314 241 375 rebellatrix
251 318 372 385 undem,
392 318 551 385 Germania,
572 322 663 395 magui

42 394 112 451 risle
120 402 203 466 ceput
210 392 325 466 pedibus
333 394 510 466 supposuisse
519 393 605 450 ducis.

42 486 68 525 ee
78 468 148 525 mihi
158 468 208 543 qui
218 466 319 538 referet,
339 486 409 543 quae
419 488 472 525 uon
483 468 583 525 vidisse
593 469 696 537 dolebo,

42 544 82 601 ,ΙΙο
92 560 170 603 meus
179 543 273 601 domui
282 546 405 618 protinus
416 545 512 618 hospes
523 546 582 601 erit.
778 558 801 599 su

42 619 149 677 umihii
159 619 249 675 iemne
254 620 480 696 domusSeythico
485 621 599 677 Nasonis
604 620 700 676 inorbe
704 620 757 676 est?

42 698 147 772 iamque
156 712 239 752 suum
249 696 316 751 mihi
326 696 372 754 dut
380 714 428 769 pro
439 698 504 752 Lars
516 715 601 770 poena
611 695 718 753 loeum‘i

42 770 129 839 faeie,
149 779 182 828 ui
190 770 287 828 Caesar
296 790 349 829 nou
359 772 410 828 hoc
418 773 551 846 penetrale
560 773 735 844 domumque,

42 847 187 921 hospitium
197 864 297 921 poenae
306 847 354 904 sed
364 847 428 905 velit
437 866 495 906 esse
505 867 588 905 meae.

177 1026 418 1083 'ELEGIA
477 1026 574 1081 Xssl·

42 1161 75 1203 ue
83 1163 269 1221 supervacuus
278 1145 354 1221 (quid
364 1147 436 1203 enim
446 1145 497 1204 ruit
506 1146 572 1203 utile
581 1147 682 1223 nescii)

44 1220 130 1279 edsue
140 1220 237 1279 natalis
246 1230 364 1296 tempora
374 1229 462 1279 noster
471 1223 554 1279 adest.

42 1314 83 1366 ue,
100 1297 168 1373 quid
177 1297 212 1354 ed
222 1298 334 1356 miseros
344 1299 470 1355 veniebas
479 1299 581 1354 exsulis
591 1299 694 1356 ennos‘i

46 1374 174 1431 Debueras
184 1373 240 1431 illis
250 1375 412 1448 imposuisse
422 1375 542 1431 modum.

47 1450 91 1507 tibi
99 1466 164 1508 eure
175 1451 238 1517 mei,
258 1450 300 1506 vel
312 1450 335 1505 si
346 1449 433 1523 pudor
444 1450 518 1508 ullus
528 1451 640 1519 adesset,

48 1542 96 1583 uun
105 1526 177 1583 ultre
185 1526 299 1601 petriam
310 1544 353 1582 me
363 1543 503 1601 sequerere
513 1545 615 1597 meam;

42 1602 302 1735 effilfflrimflur
313 1602 361 1658 tibi
372 1621 433 1659 sum
445 1602 641 1734 rugiecognitus
651 1602 750 1669 iniens,

49 1694 56 1730 r
122 1696 140 1734 n
197 1696 254 1735 esu
277 1696 347 1734 rmus
361 1696 419 1735 esse
429 1698 466 1734 mr
488 1698 510 1733 1·

42 1768 89 1825 que
95 1754 271 1827 relinquendo
280 1754 362 1827 (quod
372 1755 442 1811 idem
453 1723 537 1810 fecere
545 1753 671 1828 sodales,)

49 1834 189 1903 tuquoque
197 1828 313 1885 dixisses
324 1830 406 1885 tristis
420 1831 448 1886 in
458 1830 543 1895 Urbe,
564 1827 643 1885 Vulel
780 1841 805 1883 ru

42 1903 79 1959 uid
87 1905 135 1963 tssri
146 1920 210 1961 eum
220 1904 322 1961 Ponto?
347 1906 420 1962 Num
431 1912 456 1961 te
465 1922 574 1980 quoque
583 1904 703 1962 Caesaris
712 1905 752 1960 ira

49 1988 186 2037 extremum
195 1980 277 2056 gelidi
287 1980 360 2036 misit
370 1982 397 2037 in
408 1982 480 2038 orbis
489 1979 624 2039 humum?

42 2054 109 2115 ilicet
115 2064 253 2132 exspectas
263 2056 372 2113 solitum
382 2057 430 2113 tibi
443 2057 525 2115 moris
538 2056 683 2115 honorem?

51 2132 153 2203 pendeat
162 2151 197 2190 ex
208 2130 328 2188 humeris
338 2133 420 2188 vestis
429 2141 460 2188 ut
469 2133 529 2188 alba
539 2131 625 2188 meis?

42 2206 108 2265 uridr
116 2206 591 2285 cingaturflorentibusereeoronie‘?
781 2220 806 2262 15

52 2282 166 2359 mireque
174 2283 289 2341 solleuni
300 2285 368 2340 turis
379 2285 407 2340 iu
417 2285 479 2360 igne
491 2282 584 2341 senet?

42 2350 183 2433 &quedem
192 2378 241 2433 pro
252 2369 286 2427 te,
306 2359 422 2436 genitale
432 2361 549 2417 notantia
560 2356 684 2431 tempus?

42 2434 246 2511 ,uuuipiemque
255 2437 339 2492 henes
348 2453 394 2493 ore
403 2436 507 2493 favente
516 2433 626 2509 preces?

42 2510 186 2569 ruiturum
196 2512 311 2585 positus,
332 2530 381 2569 nee
390 2521 454 2568 sunt
464 2530 494 2567 ea
504 2521 622 2584 tempora
633 2508 723 2577 uehis,

52 2584 158 2645 rdreutu
165 2587 268 2661 possim
277 2587 363 2645 iaetus
375 2596 473 2647 utesse
483 2598 542 2648 tuo.
797 2594 831 2639 Ἃ

42 2662 254 2729 marrmihi,
276 2662 355 2722 ferali
365 2667 457 2727 cincta
468 2688 623 2749 cupressu,
