1898 2970
141 188 157 236 ’Ξ
324 192 352 236 Ρ.
373 189 499 237 ovum
517 190 682 238 ussoms

37 310 40 323 ¹
142 292 216 360 Quae
225 289 341 345 sitenim
350 290 415 346 culti
425 290 548 347 iucundis
559 291 694 348 sensimus
702 293 767 358 oris,

179 365 264 422 civica
273 383 322 438 pro
333 365 443 440 trepidis
452 384 539 440 quum
549 367 610 422 tulit
619 384 692 424 orme
701 369 763 423 reis.

143 440 251 498 Scimus
259 447 299 507 et,
320 440 354 496 ed
364 449 468 498 nostres
477 459 564 515 quum
575 441 674 498 setulit
683 443 794 516 impetus

180 515 283 592 ingenii
292 524 402 574 eumut
409 515 522 573 {lumine
532 527 632 591 quents
642 520 691 575 tui.

89 605 114 649 25
142 591 171 648 si
182 590 243 647 lieet
252 599 279 647 et
287 591 328 648 iss
336 599 387 658 est,
407 599 481 650 ntes
490 593 767 668 regeratishebenss‚

181 666 375 744 suspiciofeiix
385 674 593 724 omousianos
600 676 652 726 ost.

145 810 283 896 Tempore
292 820 423 898 digereret
432 837 519 896 quum
529 818 649 877 eonditor
658 819 748 887 urbis,
769 823 794 878 io

182 895 755 972 constituitmensesquinquebisessosuo.

144 973 440 1048 Scilioeturmumegis‚
461 991 545 1062 quem
554 971 651 1039 siden,
666 972 788 1038 Romule,

92 1063 117 1105 uo
183 1063 302 1120 cuteque
312 1047 441 1103 finitimos
451 1065 557 1102 vsnoere
567 1048 652 1102 msior
660 1055 724 1102 erat.

144 1121 412 1188 Esttumenetrstio‚
433 1121 537 1187 Ceessr,
557 1123 794 1194 quaemoveritiltr

181 1211 353 1268 erroremque
361 1212 443 1251 suum
452 1213 507 1268 quo
516 1201 631 1262 tueatur,
651 1196 740 1254 hebet.

145 1270 223 1339 Quod
231 1269 297 1327 setis
309 1277 365 1337 est,
384 1277 460 1328 utero
469 1271 561 1327 matris
571 1270 636 1328 dum
646 1273 791 1346 prodentia

182 1345 699 1420 hooennoststuittemporiseseesstis.

91 1433 116 1477 ³5
144 1421 310 1478 Pertotidem
320 1420 553 1498 mensesaiuuere
561 1423 762 1500 ooniugisuxor

183 1497 297 1553 sustinet
307 1495 427 1554 invidus
437 1497 705 1573 tristiasiguudomo.

144 1574 199 1630 Hoc
209 1572 291 1647 igitur
299 1571 367 1627 vidis
375 1572 484 1628 trabeati
494 1590 558 1629 oure
568 1572 683 1642 Quirini,

183 1665 270 1722 quum
280 1646 395 1704 rudibus
402 1647 511 1722 populis
520 1667 610 1706 annue
623 1651 681 1707 'terre
695 1651 777 1706 daret.

145 1724 237 1781 Martis
247 1730 303 1780 erut
311 1721 417 1798 primus
426 1724 538 1792 mensis,
559 1726 794 1800 Venerisquesecu

92 1806 116 1853 to
182 1800 251 1855 Haeo
259 1799 365 1875 gener-u
374 1800 513 1876 prinoeps3
535 1802 622 1875 ipsius
631 1801 676 1858 ille
685 1803 769 1874 pater.

145 1873 405 1943 Tertiusssenibus‚
426 1877 556 1934 iuvenum
566 1878 717 1934 denomino
727 1894 794 1948 quar

182 1966 253 2022 quae
260 1950 392 2022 sequitur,
414 1968 526 2008 numero
534 1951 777 2010 turbsnotutaIuit.

145 2023 180 2081 At
187 2027 276 2081 Numa
286 2042 335 2081 nee
344 2027 439 2082 lenum
450 2043 499 2083 neo
507 2028 591 2085 evites
600 2027 723 2100 praeterit
733 2027 794 2080 umt

182 2100 323 2157 mensibus
332 2101 451 2175 antiquis
464 2103 660 2176 supposuitque
669 2101 747 2157 duos.

91 2255 117 2304 ts
145 2238 191 2305 Ne
200 2255 288 2305 temen
299 2248 405 2324 ignores
415 2251 551 2307 variorum
560 2251 619 2305 iura
629 2249 749 2304 dierum:

183 2342 236 2381 non
248 2323 327 2380 hebet
334 2324 454 2382 osticium
465 2323 571 2381 Lucifer
578 2324 668 2380 omnis
678 2323 759 2378 idem.

147 2399 193 2455 nte
204 2398 321 2456 nefastus
332 2401 397 2467 erit,
417 2417 555 2474 perquem
565 2399 614 2456 trie
628 2399 782 2455 verbeeileu

184 2473 269 2530 festus
279 2475 342 2545 erit,
363 2493 411 2549 per
422 2493 504 2550 quem
514 2474 572 2551 lege
582 2475 670 2531 licebit
679 2475 732 2551 ogi.

147 2552 205 2605 Neu
216 2557 268 2607 toto
276 2559 392 2624 perstare
400 2552 444 2609 die
453 2569 502 2608 sua
512 2550 571 2608 iura
580 2552 698 2625 putaris:

94 2637 118 2680 su
185 2625 233 2698 qui
243 2625 297 2681 iem
307 2625 390 2684 festus
401 2629 465 2696 erit,
487 2628 752 2686 munenefustusers

132 2701 205 2756 Nem
214 2701 304 2761 simul
311 2713 371 2765 exte
382 2706 433 2768 deo
442 2706 506 2767 date
516 2715 594 2779 sunt,
613 2704 762 2765 iicetomui

93 2834 161 2847 A
