1898 2970
97 111 146 164 150
285 112 315 158 Ρ.
337 110 465 158 ovum
483 110 652 159 maome

133 215 222 271 utilior
231 215 333 270 Beocho
342 231 426 288 quam
436 212 487 270 luit
497 213 556 286 ipse
568 213 637 269 suis.

96 293 169 347 Hanc
178 290 238 356 tibi,
250 289 309 356 Quo
318 306 453 362 properas,
465 295 613 345 memorant
621 287 735 355 dixisse,
747 286 841 347 Rutilii

133 368 204 422 Luce
213 383 272 421 mea
282 366 369 421 Marso
379 364 480 421 Consul
490 364 525 419 ab
535 364 609 420 hoste
617 362 708 421 cades.

42 456 81 500 555
95 444 191 499 Exitus
201 442 311 496 aceessit
321 440 425 498 verbis:
446 439 602 511 flumenque
610 437 704 495 Toleni

134 534 301 590 purpureum
312 516 400 571 mistis
411 516 543 589 sanguine
553 514 632 571 fluxit
643 514 734 587 aquis.
833 576 836 581 .

96 594 238 649 Proximus
249 610 337 647 annus
347 598 416 646 erat:
438 589 586 645 Pallantide
595 605 690 645 caesus
699 588 792 647 endem

134 669 228 723 Didius
239 666 349 723 hostiles
358 666 536 739 ingeminavit
545 682 619 736 opes.
824 678 828 687 ·

98 747 158 801 Lux
167 744 269 809 eadem,
281 743 408 807 Fortuna,
419 748 464 797 tua
474 748 523 806 est,
540 748 695 811 auctorque.
707 739 843 815 locusque.

43 832 82 875 515
135 820 187 876 Sed
197 817 382 891 superiniectis
392 817 455 890 quis
466 815 527 871 latet
536 816 586 870 iste
595 813 684 889 logis?

97 896 207 952 Servius
217 903 270 950 est:
292 894 345 948 iam
355 899 458 949 constat
467 891 554 960 enim;
575 890 729 947 sedunum
740 888 836 947 latendi
908 905 909 912 ¹

136 972 277 1041 discrepat,
298 977 324 1022 et
333 967 448 1023 dubium
458 985 501 1022 me
513 983 623 1040 quoque
631 966 731 1022 mentis
740 966 827 1023 habet.

97 1048 167 1101 Dum
179 1045 227 1099 dee
237 1042 350 1096 furtivos
363 1043 456 1098 timide
464 1043 601 1115 profitetur
613 1058 728 1108 amores,

135 1118 327 1188 coelestemque
337 1116 440 1171 homini
450 1117 628 1173 concubuisse
637 1116 737 1189 pudet;
837 1142 840 1147 ·

44 1208 83 1251 575
97 1194 171 1268 (arsit
180 1192 252 1248 enim
262 1209 360 1266 magno
369 1198 487 1264 correpta
497 1192 624 1263 cupidine
635 1192 717 1266 regis,
912 1197 914 1206 '

135 1284 265 1339 caecaque
275 1267 303 1322 in
316 1267 368 1322 hoo
380 1285 435 1324 uno
445 1285 498 1323 non
512 1266 620 1333 luitilla
633 1266 719 1341 vir03)

99 1352 173 1401 nocte
182 1343 293 1397 domum
302 1359 386 1414 parve
395 1342 471 1399 solite
481 1351 521 1398 est
530 1343 628 1398 intrare
638 1341 768 1399 fenestra:

136 1419 208 1474 unde
217 1416 379 1473 Fenestellae
390 1420 498 1474 nomina
508 1426 583 1490 porta
594 1425 674 1474 tenet.

98 1498 177 1552 Nunc
186 1493 283 1567 pudet,
304 1500 329 1548 et
339 1492 432 1549 vultus
443 1492 576 1549 velamine
585 1492 652 1548 celat
660 1502 774 1561 amatos,

45 1586 84 1628 585
136 1568 406 1646 oraquesuutmulte
416 1569 564 1644 regiatecte
574 1576 645 1643 toga.

100 1651 142 1706 An
152 1648 401 1724 magisestverum,
422 1653 483 1719 post
492 1643 564 1702 Tulli
575 1644 669 1701 lunera
678 1645 787 1717 plebem

136 1724 277 1782 eonlusam
286 1721 386 1798 placidi
396 1728 479 1778 morte
489 1719 681 1778 luisseduciei

100 1803 155 1858 Nec
165 1799 261 1855 modus
271 1798 344 1855 ullus
355 1805 425 1854 erat:
446 1798 579 1855 crescebat
591 1794 709 1870 imagine
719 1795 818 1865 luetus.
853 1812 858 1819 ’

138 1875 221 1929 donec
230 1890 289 1926 eam
298 1873 394 1944 positis
403 1872 541 1929 occuluere
551 1873 630 1947 togis.

48 1963 86 2005 585
101 1949 187 2005 Tertia
197 1964 291 2003 caussa
302 1946 369 2000 mihi
380 1948 466 2019 spatio
474 1948 574 2005 maiore
582 1945 701 2004 canende
710 1954 765 2003 eet:
828 1998 831 2005 .

139 2042 188 2079 nos
197 2031 286 2079 tamen
297 2021 425 2079 adductos
434 2022 508 2079 intus
518 2040 629 2098 agemus
638 2040 732 2095 equos.

102 2099 203 2168 Tullia,
224 2099 364 2174 coniugio,
384 2097 491 2155 sceleris
501 2099 634 2167 mercede,
654 2106 770 2171 peraeto,

139 2175 183 2228 his
193 2174 269 2229 solita
278 2182 317 2229 est
327 2174 406 2230 dietis
415 2174 588 2231 exstimulare
598 2175 704 2231 virum:

102 2248 174 2318 Quid
186 2248 429 2322 iuvatessepares,
450 2258 476 2305 te
486 2258 590 2306 nostrae
599 2250 678 2306 caede
686 2250 796 2318 sororis,

49 2338 89 2382 555
141 2340 236 2397 meque
246 2325 285 2379 tui
296 2323 395 2390 fratris,
416 2324 440 2378 si
449 2324 494 2398 pia
506 2326 561 2382 vite
572 2324 676 2399 placet?

103 2402 197 2460 Vivere
206 2398 352 2455 debuerunt
361 2407 387 2456 et
395 2399 438 2457 vir
448 2418 525 2459 meus
537 2409 563 2457 et
573 2409 619 2457 tua
628 2401 738 2469 coniux,

124 2501 126 2505 ·
141 2477 164 2531 si
175 2473 281 2531 nullum
292 2476 384 2530 ausuri
397 2474 487 2533 maius
496 2493 603 2531 eramus
612 2494 693 2547 opus.

87 2554 127 2611 Et
134 2561 219 2629 eaput
226 2559 255 2610 et
262 2569 382 2631 regnum
393 2553 466 2613 lanio
475 2550 566 2611 dotale
573 2551 698 2623 petentis

111 2630 148 2690 Si
163 2634 206 2693 vir
213 2652 257 2708 es,
279 2632 407 2695 indictas
418 2634 504 2712 exige
513 2628 679 2697 detisopee.
