1898 2970
118 191 325 241 Expertum
342 194 398 240 ΕΡ.
418 194 488 240 LIB.
502 196 534 242 Π.
553 197 610 242 ΕΡ.
626 197 652 242 2.
716 191 765 243 303

50 295 131 353 milla
141 295 337 368 meoquumvis
346 297 454 351 nomine
464 313 558 351 caussa
568 297 637 351 bena
645 307 694 352 est.
730 307 731 310 ’

10 375 70 431 iam
80 388 167 446 prope
175 370 322 443 depositus,
343 379 412 426 certe
421 372 475 426 iam
485 370 599 444 frigidus
610 388 696 445 aeger,

50 454 177 504 servatus
186 463 235 518 per
244 454 278 511 te,
298 448 322 501 si
332 446 411 501 modo
421 464 520 510 servor,
541 464 594 500 ero.

10 527 96 580 Nune
104 531 152 578 tua
160 539 209 594 pro
218 521 300 593 lapsis
310 521 410 576 nitatur
421 522 505 595 gretia
519 522 614 589 rebus;

51 598 187 672 principis
196 597 294 652 aeterni
305 614 388 669 quam
397 597 445 651 tibi
455 604 570 668 praestet
579 615 663 652 emor.
797 613 822 653 eo

11 677 96 731 Nune
106 673 156 729 tibi
166 680 193 729 et
200 671 300 744 eloquii
311 672 381 727 nitor
389 671 434 726 ille
446 671 607 727 domesticus
618 673 697 733 adsit.

52 767 111 823 quo
118 757 225 821 poteras
234 746 345 819 trepidis
355 747 429 802 utilis
438 764 496 802 esse
506 748 569 803 reis.

13 827 91 882 Vivit
99 825 174 880 enim
183 825 213 879 in
222 822 300 878 vobis
309 821 417 878 facundi
428 822 520 897 lingua
530 824 663 896 parentis3

54 909 81 956 et
90 917 135 955 res
144 898 269 954 heredem
280 898 376 970 reperit
385 897 431 952 illa
441 916 533 953 suum.

13 979 231 1049 Hermogenen,
252 972 588 1038 utmedefenderetentet,
610 975 699 1030 adoro.
797 989 821 1030 55

56 1054 117 1108 Non
126 1057 169 1106 est
176 1048 290 1105 oonfessi
300 1066 394 1104 mussa
406 1050 503 1104 tuenda
513 1051 562 1104 rei.

13 1131 90 1184 Num
101 1134 190 1181 tamen
199 1141 310 1180 excuses
320 1125 415 1180 erroris
425 1125 528 1199 origine
538 1124 647 1191 factum,

54 1222 90 1259 en
102 1200 171 1257 nihil
182 1200 304 1272 expediat
314 1199 365 1255 tale
376 1218 490 1267 movere,
511 1200 582 1257 vide.

14 1278 144 1336 Vulneris
155 1276 182 1332 id
191 1293 277 1349 genus
287 1284 336 1341 est,
348 1276 420 1348 quod
430 1294 518 1349 quum
528 1277 647 1332 sanabile
657 1296 709 1333 non
720 1287 765 1344 srt,

56 1372 112 1410 non
120 1353 275 1408 contrectari
285 1353 370 1407 tutius
382 1369 440 1406 esse
450 1362 524 1423 puto.
797 1366 823 1410 et

14 1431 134 1504 Lingua,
156 1426 220 1483 sile:
242 1446 294 1483 non
306 1436 346 1482 est
356 1427 425 1482 ultre
435 1428 567 1483 narrabile
577 1431 736 1503 quidquam.

55 1507 138 1561 Posse
146 1502 228 1559 velim
237 1503 339 1558 eineres
349 1505 460 1559 obruere
469 1505 527 1577 ipse
536 1523 618 1561 meos,
717 1516 721 1525 ’

16 1581 62 1637 Sic
73 1580 171 1655 igitur,
192 1579 270 1650 quasi
281 1597 324 1634 me
335 1579 426 1635 nullus
436 1580 567 1652 deceperit
574 1600 655 1645 error,

55 1653 220 1721 verbanno,
241 1663 272 1710 ut
280 1655 348 1719 vite,
369 1673 451 1728 quam
463 1657 535 1711 dedit
547 1658 619 1728 ipse,
640 1656 727 1709 fruar:

16 1748 163 1807 quumque
171 1747 282 1785 serenus
292 1731 351 1796 erit,
372 1731 518 1804 vultusque
529 1731 739 1789 remiseritillos.
798 1744 822 1785 oe

55 1808 106 1882 qui
118 1823 211 1862 secum
221 1814 303 1860 terras
313 1807 512 1878 imperiumque
522 1815 644 1870 movent;

16 1885 61 1940 exi
82 1900 149 1939 uam
159 1899 194 1937 ne
204 1881 381 1954 mepraedam
391 1883 462 1937 sinet
472 1898 529 1936 esse
540 1882 677 1945 Getarum,

55 1902 252 2031 detquesolum
262 1957 374 2012 miserae
384 1957 462 2022 mite,
482 1973 599 2029 precare,
620 1956 709 2030 fugae.

16 2036 138 2106 Tempus
148 2031 221 2087 adest
230 2039 322 2104 aptum
333 2033 470 2104 precibus:
485 2033 554 2087 velet
563 2034 630 2105 ipse,
642 2032 767 2104 videtque

55 2106 198 2182 qussfeoit
206 2107 291 2173 vires,
311 2109 404 2173 Roma,
426 2106 591 2162 valeretuas.
796 2121 822 2162 70

15 2182 165 2240 incolumis
176 2183 276 2238 coniux
284 2201 333 2237 sua
343 2182 494 2255 pulvinaria
505 2192 605 2238 servat:

54 2267 195 2333 promovet
203 2258 354 2314 Ausonium
365 2258 438 2313 filius
448 2259 599 2330 imperium.

15 2334 146 2393 Praeterit
154 2334 212 2406 ipse
222 2350 286 2389 suos
296 2335 386 2389 animo
396 2334 572 2389 Germanicus
582 2351 677 2399 annos,

56 2427 108 2467 neo
116 2409 193 2483 vigor
203 2417 243 2464 est
251 2409 330 2464 Drusi
342 2408 477 2464 nobilitate
490 2410 587 2465 minor.

10 2487 95 2544 ¹Adde
104 2502 192 2541 nurus
202 2493 347 2557 neptesque
356 2485 429 2557 pias,
450 2503 579 2557 carosque
589 2494 705 2557 nepotes,
796 2499 822 2540 ts

53 2568 212 2633 coeteraque
220 2560 357 2634 Augustae
367 2562 486 2616 membre
497 2561 586 2618 valere
595 2561 708 2619 domus.

10 2638 91 2693 Adde
99 2636 276 2704 triumphatos
285 2635 366 2692 modo
374 2638 515 2712 Paeonas3
537 2640 611 2699 adde
618 2641 723 2718 quieti,

35 2707 148 2759 subdite
155 2716 302 2765 montense
309 2711 429 2774 brechia
441 2719 616 2779 Dalmatiae.
