1898 2970
129 216 180 269 292
315 219 343 263 P.
365 216 490 262 ovlnu
507 213 676 263 Nesouls

129 318 260 389 Quodnisi
269 318 357 373 delicti
368 333 430 391 pars
439 316 600 373 excusabilis
610 324 689 385 esset,

165 412 246 468 parve
256 393 367 468 relegari
377 392 628 465 poenniutumiuit.
826 458 829 463 ,

129 473 189 544 Ipse
198 469 245 524 sed
254 469 304 525 hoo
312 469 390 535 vidit,
411 469 459 540 qui
468 469 586 540 pervidet
594 469 696 536 omnin,
718 470 830 539 Caesen

166 544 307 601 stultitiam
317 543 370 598 dici
379 543 490 599 crimine
500 560 579 617 posse
587 561 662 600 mes:

76 631 102 678 is
129 638 237 694 queque
247 637 295 694 ego
304 618 539 692 permisi,qnaque
547 627 638 675 estres
648 620 864 694 pnssn,pep'ereit

168 715 235 751 usus
245 704 271 750 et
283 702 322 750 est
332 693 434 750 modios
446 692 569 750 fulminis
582 695 645 769 igne
655 694 714 764 sni3

133 789 180 828 nec
189 774 282 836 vitam,
304 784 433 841 neoopes,
455 787 503 824 neo
512 770 611 837 ademit
618 772 821 842 posserev'e'mi:

169 848 192 902 si
202 865 251 901 sun
264 862 311 917 per
320 851 421 900 vestras
432 845 499 899 victu
510 846 592 900 sitire
603 850 704 917 preses.

132 919 391 997 Atgrevineroeoidi.
421 917 493 985 Quid
506 920 578 975 enim
587 918 722 987 mirsbils,
744 921 841 994 siquis

77 1013 103 1056 55
169 1016 182 1053 5
194 1000 254 1053 iove
264 1011 408 1070 percussus
421 1011 474 1050 non
485 994 542 1050 leve
550 994 651 1052 vuinus
663 995 764 1052 habet?

131 1075 191 1146 Ipse
200 1089 263 1129 suas
272 1070 398 1145 quamvis
408 1069 479 1124 vires
489 1069 621 1126 inhiberet
630 1070 759 1138 Achilles,

170 1149 251 1203 missa
261 1146 432 1222 greresiotns
442 1144 528 1200 Pelias
538 1145 612 1201 haste
621 1146 711 1203 dubet.

133 1224 264 1279 iudicium
280 1221 357 1278 nobis
367 1220 450 1295 igitur
458 1236 545 1294 quum
555 1221 670 1277 vindicis
680 1222 760 1289 adsit,

171 1305 283 1365 nonest,
303 1303 406 1352 curtus
416 1312 459 1351 me
468 1295 548 1352 innuo
558 1314 637 1353 nosse
646 1304 734 1372 neget.

79 1389 104 1432 55
133 1373 210 1431 Culta
220 1372 340 1444 quidem,
356 1371 446 1439 intuor,
457 1371 531 1440 oitrs,
551 1384 635 1446 quem
646 1372 748 1441 debuit,
767 1372 878 1430 illaesi:

169 1448 215 1503 sed
229 1447 280 1502 fuit
292 1447 320 1502 in
330 1446 391 1501 fetis
401 1446 452 1503 hoo
462 1465 580 1522 quoque,
601 1448 688 1514 oredo,
710 1449 788 1504 meis.

133 1527 187 1582 Neo
196 1533 284 1579 temen
297 1521 416 1577 officium
426 1524 510 1577 sensit
522 1524 610 1599 magis
620 1523 701 1579 aiteio
711 1532 847 1581 nostrum.

170 1601 228 1666 Hic,
249 1597 312 1663 illie,
334 1604 421 1653 vestro
430 1598 483 1652 sub
493 1599 559 1654 Lare
569 1608 673 1672 semper
683 1604 767 1655 erem.

134 1677 260 1749 Quaeque
269 1682 313 1730 tue
323 1680 362 1728 est
372 1673 470 1745 pietas:
491 1682 555 1730 utto
565 1692 618 1730 non
629 1674 731 1731 exooi'at
739 1676 841 1748 ipsum,

80 1767 105 1809 5ο
171 1754 214 1807 ius
224 1749 333 1824 aliquod
344 1757 430 1805 tecum
440 1748 529 1805 fratris
539 1750 642 1806 amicus
652 1751 742 1806 hebet.

135 1827 225 1903 [Quin
233 1825 315 1900 quod,
324 1833 354 1881 ut
363 1826 479 1881 emeritis
485 1825 618 1881 referende
629 1834 668 1880 est
672 1822 757 1902 gratie
764 1843 879 1900 semper,

171 1903 210 1958 sio
218 1910 258 1958 est
267 1902 387 1958 fortunae
398 1902 577 1974 promeruisse
586 1901 665 1960 tuae?

135 1978 235 2047 Quodsi
245 1976 376 2050 permittis
387 1977 465 2031 nobis
474 1977 593 2043 suadere,
614 1976 681 2051 quid
689 1982 777 2049 optes:

173 2062 203 2111 ut
211 2055 267 2120 des,
288 2068 370 2126 quarn
382 2051 486 2118 reddas,
506 2051 594 2124 pium,
615 2062 722 2127 precare
730 2051 803 2108 deos.

81 2142 106 2183 55
135 2132 218 2202 quue
228 2129 302 2195 facis,
323 2133 509 2201 quantumque
520 2127 580 2183 iicet
592 2118 757 2193 meminisse,
776 2127 881 2184 solebas

173 2204 253 2258 officii
263 2218 385 2259 caussam
395 2202 520 2275 pluribus
531 2220 589 2258 esse
598 2197 680 2278 datii

135 2277 302 2343 Quolibetin
316 2294 427 2334 numero
437 2296 489 2344 me,
510 2277 671 2345 Messalline,
692 2295 805 2351 repone:

174 2351 226 2405 sim
235 2353 314 2408 modo
323 2365 386 2424 pets
398 2360 501 2409 vestroe
512 2371 565 2409 non
578 2352 663 2410 aliena
673 2353 786 2423 domus:

135 2433 160 2479 et
170 2425 238 2479 mala
250 2427 390 2492 Nasonem,
412 2429 540 2501 quonism
549 2429 679 2483 meruisse
689 2428 805 2493 videtur,

82 2509 107 2551 55
173 2499 195 2552 si
211 2499 340 2558 nonierre
352 2501 439 2569 doles,
460 2511 486 2557 at
495 2504 624 2557 memisse
634 2503 703 2559 doie.
