1898 2970
146 130 199 178 EX
217 128 350 176 PONTO
368 128 490 177 EPIs‘r..
510 130 580 179 LIB.
594 126 616 178 1.
636 133 691 180 EL.
707 134 733 180 1.
762 124 813 180 275

63 234 126 303 Nec,
147 232 213 306 quia
221 230 263 288 vel
273 230 370 296 merui,
391 228 433 286 vel
444 231 516 287 sensi
527 233 659 308 Principis
672 236 750 301 iram,

98 307 204 366 anobis
214 307 305 379 ipsum
317 304 387 362 nolle
396 314 486 378 putate
495 307 557 364 ccli.
843 324 868 366 55

63 385 124 443 Vidi
133 401 184 470 ego
192 383 320 457 linigerae
330 399 433 438 numen
442 381 558 438 violasse
567 382 690 442 fatentem
737 420 740 425 -

100 460 195 527 isidis,
215 459 313 514 Isiacos
324 466 384 513 ante
393 459 484 514 sedere
494 458 575 515 iocos.

64 536 144 601 Alter,
165 535 200 591 cb
209 534 275 590 huic
288 533 404 589 similem
415 535 537 606 privatus
549 534 777 610 lumineculpnm,

98 610 329 667 clamabut=medie
339 626 369 664 se
377 611 509 666 meruisse
520 612 575 666 vie.

63 687 136 743 Talia
146 685 272 743 coelestes
282 685 339 740 fieri
350 687 631 762 praeconiegnudenn
842 703 867 744 55

98 772 139 831 ut,
161 780 211 818 sua
221 761 288 835 qnid
298 761 404 817 valeant
414 762 536 829 nurnine,
557 771 623 818 teste
633 764 755 835 probent.

61 840 145 913 Saepe
155 838 363 911 leventpoenes‚
384 846 527 912 ereptaque
537 837 640 894 lumina
654 838 782 910 reddunt;

98 932 188 990 quum
201 914 269 971 bene
278 913 377 986 peccati
387 914 553 987 poenituisse
562 913 663 971 vident.

62 993 180 1048 Poenitet
189 1009 215 1058 ο,
235 989 259 1046 ei
271 988 339 1063 quid
349 988 509 1046 miserorum
522 990 638 1046 creditur
647 990 707 1059 ulli,

97 1068 225 1141 poenicei,
246 1074 273 1121 et
282 1065 349 1122 facto
360 1073 486 1139 torqueor
497 1065 555 1139 ipse
564 1084 638 1123 mco:
843 1084 869 1125 ιι

61 1159 205 1216 quumque
214 1143 250 1198 sit
259 1140 381 1208 erilium¹
393 1142 706 1216 magicestmihieu1p2‚
719 1143 812 1202 dolori:

99 1218 376 1292 estquepetipoenee,
398 1236 480 1292 quem
491 1219 631 1285 meruisse,
652 1221 754 1276 minus.

61 1297 95 1352 Ut
105 1295 175 1350 mihi
185 1294 213 1349 dr
225 1293 339 1360 faveant,
360 1296 463 1368 quibus
473 1305 513 1350 est
522 1294 688 1351 manifestior
701 1297 772 1369 ipse;

98 1388 185 1444 poene
197 1377 284 1442 petest
293 1370 374 1437 demi,
390 1370 475 1442 eulpa
485 1371 611 1443 perennis
622 1372 682 1428 erit.

61 1445 310 1512 Morsfacietcerte,
333 1440 438 1513 nesirn,
459 1464 546 1519 quum
557 1448 668 1514 venerit,
690 1449 782 1506 exsul:
843 1464 868 1506 55

100 1540 135 1579 ne
145 1539 199 1579 non
208 1523 351 1595 peccarim,
373 1540 564 1596 morsquoque
574 1542 627 1579 non
638 1523 724 1579 faciet.

61 1600 122 1655 Non
132 1598 216 1673 igitur
227 1598 327 1653 mirum
339 1605 388 1663 est,
409 1599 433 1652 ei
443 1616 520 1653 mens
528 1616 587 1654 mee
598 1598 687 1653 tebidn
698 1598 763 1654 fecte

99 1674 134 1731 de
146 1674 208 1729 nive
217 1673 352 1728 manentis
362 1690 436 1730 more
446 1673 569 1746 liquescit
579 1692 673 1746 aquae.

61 1751 145 1808 Estur
155 1756 186 1804 ut
194 1748 297 1805 occulte
308 1749 400 1805 vitiata
410 1750 527 1804 teredine
537 1750 630 1805 nevis:

99 1824 225 1898 aequorei
235 1823 360 1897 scopulos
373 1833 403 1881 ut
412 1833 488 1880 cavet
498 1824 571 1879 unda
580 1822 660 1879 salis:
842 1838 868 1880 ιο

60 1903 168 1961 roditur
176 1908 208 1957 ut
217 1900 309 1956 scabre
319 1902 439 1974 positum
449 1900 575 1974 rubigine
585 1899 684 1955 ferrum
695 1922 700 1932 ·

98 1976 224 2033 conditus
234 1983 265 2032 ut
274 1976 360 2032 tineae
367 1976 487 2050 carpitur
495 1994 541 2033 cre
552 1976 631 2032 liber:

60 2053 102 2109 sic
111 2071 172 2109 mea
182 2060 325 2126 perpetuos
334 2070 460 2109 curarum
470 2060 573 2125 pectere
584 2070 701 2117 morsus,

100 2129 155 2184 iine
164 2128 267 2203 quibus
278 2127 353 2186 nullo
362 2129 547 2194 conficiantur,
568 2127 677 2182 hebent.

61 2207 117 2262 Nec
129 2202 816 2277 priuehimentemstimuli‚quemvitnrelinquent:
843 2215 869 2257 τι

99 2281 204 2355 quique
213 2279 293 2347 dolet,
314 2280 403 2347 citius,
424 2278 599 2353 quemdolcr‚
621 2278 774 2350 ipsecedet.

61 2359 119 2413 5500
128 2356 198 2411 mihi
208 2357 231 2411 si
241 2356 347 2429 Superi,
354 2374 471 2429 quorum
482 2372 579 2411 sumus
588 2353 812 2421 omnincredent,

99 2432 211 2488 forsitan
224 2432 322 2507 exigua
331 2433 432 2508 dignus
441 2432 559 2487 habebor
567 2448 627 2503 ope,

61 2510 147 2583 inque
156 2507 245 2564 locum
255 2506 380 2584 Scythico
388 2524 505 2565 vacuum
515 2506 640 2562 mutabor
650 2507 683 2561 ab
693 2523 767 2561 arcu.

99 2582 168 2643 Plus
176 2586 238 2653 ieie,
259 2584 331 2652 duri,
352 2586 375 2640 ei
388 2600 489 2657 precer,
510 2583 627 2640 orieero.
844 2592 870 2634 ec

665 2727 713 2787 55
