1898 2970
154 134 203 187 {98
337 138 368 185 Ρ.
389 136 516 184 0v1D11
533 137 704 186 NASONIS

152 240 195 296 An
205 255 291 312 genus
301 237 352 303 hoc
360 236 453 311 scripti
464 238 566 294 iaciunt
574 255 624 294 sua
634 237 740 311 pulpita
750 245 845 299 tutum

190 312 316 387 quodque
327 312 400 381 libet,
421 314 513 370 mimis
523 331 602 370 scena
613 312 793 371 licerededit‘l

152 391 187 445 Et
196 406 255 443 mea
264 396 329 444 sunt
339 388 440 463 populo
448 389 541 445 saltata
551 390 672 462 poemata
685 406 780 462 saepe:

99 478 138 522 tau
190 481 268 536 saepe
277 464 369 521 oculos
378 465 458 520 etiam
467 464 605 520 detinuere
614 471 685 521 tuos.

153 538 258 595 Scilicet
267 540 295 595 in
307 540 433 596 domibus
443 540 539 597 vestris
549 547 580 596 ut
596 540 684 613 prisca
694 541 817 598 virorum

191 615 285 671 artifici
294 615 398 691 fulgent
407 632 516 688 corpora
526 615 595 686 picta
605 632 689 672 mauu
698 634 705 685 ;

153 692 272 764 sicquae
282 691 441 748 concubitus
452 691 539 746 varios
553 691 718 764 Venerisque
727 691 831 766 figuras

191 768 337 840 exprimat,
358 774 398 822 est
407 767 498 842 aliquo
506 783 588 838 parva
598 765 693 822 tabella
704 765 773 824 loco.

100 854 139 899 555
153 843 242 916 thue
251 842 324 898 sedet
336 841 414 898 vultu
423 841 512 898 fassus
521 840 694 898 Telamonius
707 842 785 910 iram¹

192 919 275 992 inque
284 916 370 974 oculis
380 916 484 974 facinus
494 917 607 973 barbara
617 925 702 973 mater
711 917 805 975 habet:

154 996 194 1050 sic
203 994 325 1049 madidos
334 993 415 1049 siccat
424 993 516 1068 digitis
526 993 618 1048 Venus
627 992 681 1049 uda
691 993 816 1067 capillos:

192 1078 218 1124 et
227 1069 306 1125 modo
315 1069 442 1125 maternis
451 1076 517 1124 tenta
527 1067 633 1124 videtur
641 1069 731 1142 aquis.

154 1145 225 1200 Bella
235 1152 331 1200 sonant
340 1144 397 1210 alii,
419 1142 477 1200 telis
488 1145 617 1200 instructa
629 1145 762 1201 cruentis:

101 1231 140 1275 555
193 1236 309 1292 parsque
322 1219 361 1275 tui
370 1220 492 1306 generis,
512 1228 631 1292 parstua
642 1219 709 1276 iacta
718 1231 837 1298 canunt.¹

155 1295 249 1351 Invida
259 1312 301 1350 me
311 1303 397 1368 spatrc
406 1301 500 1351 natura
510 1295 627 1352 coercuit
638 1303 719 1365 arcto,

193 1372 301 1444 ingenio
311 1373 383 1428 vires
395 1371 562 1446 exiguasque
572 1371 654 1428 dedit.

155 1447 189 1501 Et
200 1456 286 1501 tamen
298 1446 353 1513 ille,
374 1455 434 1502 tuae
444 1445 509 1503 iclix
518 1446 650 1504 Aeneidos
660 1455 760 1514 auctor,

193 1521 305 1577 contulit
314 1524 343 1579 in
354 1522 449 1596 Tyrios
460 1540 534 1578 arma
547 1523 693 1596 virumque
706 1531 791 1580 toros:

102 1609 141 1653 555
157 1616 205 1653 uec
216 1597 313 1672 legitur
323 1617 385 1671 pars
395 1596 450 1653 ulla
461 1598 547 1672 magis
558 1597 591 1654 de
601 1606 783 1672 corporeitate,

194 1693 277 1747 quam
289 1693 343 1730 non
354 1673 473 1749 legitimo
481 1672 584 1730 loedere
594 1674 704 1731 iunctus
713 1693 799 1732 amor.

157 1750 288 1825 Phyllidis
298 1750 343 1805 hic
352 1749 422 1806 idem
433 1757 590 1823 teneraeque
600 1749 668 1806 Ama
702 1748 775 1807 llidis
786 1755 864 1827 ignes

194 1826 323 1882 bucolicis
333 1826 439 1883 iuvenis
450 1825 548 1882 luserat
557 1834 656 1882 antem
692 1827 726 1881 is.

158 1904 212 1956 Nos
222 1920 330 1973 quoque
340 1904 394 1957 iam
404 1901 507 1975 pridem
517 1902 617 1975 scripte
624 1902 797 1976 peccavimus
809 1903 870 1959 isto.

104 1984 143 2030 555
196 1976 364 2048 Supplicium
374 1977 475 2050 patitur
484 1995 537 2034 non
548 1997 617 2034 nova
627 1977 706 2050 culpa
717 1995 830 2034 novum.

159 2050 338 2125 Carminaque
351 2052 495 2119 edideram,
516 2071 603 2126 quum
613 2052 742 2109 tedelicta
752 2061 889 2110 notantem

195 2127 316 2198 praeterii
328 2128 403 2184 toties
413 2128 573 2201 irrequietus
587 2147 679 2202 eques.

158 2203 238 2276 Ergo,
259 2221 329 2275 quae
342 2204 433 2260 iuveni
444 2204 512 2259 mihi
524 2222 577 2261 non
589 2204 707 2261 nocitura
717 2204 812 2276 putavi

196 2277 293 2351 scripta
305 2296 401 2352 pamm
410 2279 539 2352 prudens,
561 2279 845 2338 nuncnocuereseni‘l

106 2361 145 2408 555
160 2353 223 2409 Sera
237 2353 396 2410 redundavit
405 2355 500 2410 veteris
511 2355 629 2412 vindicta
640 2354 737 2426 libelli;

196 2429 276 2484 distat
285 2437 310 2483 et
322 2448 335 2483 a
346 2430 431 2485 meriti
445 2437 562 2502 tempore
572 2450 656 2505 poena
667 2432 721 2487 sui.

160 2506 199 2560 Ne
210 2513 296 2559 tamen
307 2523 386 2560 omne
397 2522 487 2560 meum
498 2507 589 2562 credas
599 2525 668 2580 opus
678 2525 737 2562 esse
749 2506 907 2566 remissum:

192 2597 274 2655 saepe
282 2579 343 2636 dedi
354 2588 458 2638 nostrae
467 2581 579 2657 grandia
589 2581 649 2638 vela
660 2582 720 2639 rati.

138 2657 199 2718 Sex
206 2677 259 2741 ego
268 2660 418 2722 Fastorum
429 2657 532 2736 scripsi
540 2657 709 2731 totidemque
714 2647 848 2724 intextos„

65 2912 187 2942 *a
