1898 2970
146 109 202 159 mx
220 108 353 155 rouro
371 110 426 156 nr.
445 111 518 173 nra.
531 112 551 158 1.
570 114 625 159 nn.
639 114 663 160 4.
678 104 722 180 (a.)
761 112 810 165 283

97 211 147 288 qui
156 210 218 268 forti
227 228 320 267 casum
331 218 418 267 mente
428 211 520 279 tulere,
543 213 623 270 refer:

62 296 88 345 et
95 305 178 364 grave
187 286 354 361 magnanimi
365 287 447 342 robur
457 289 553 343 mirare
562 289 645 344 Rutili
649 332 656 354 ‚

99 382 153 420 non
164 363 208 419 uei
218 362 319 417 reditus
329 361 479 418 conditione
488 364 553 418 dati.

62 440 178 516 Smyrna
187 438 278 495 virum
289 438 383 504 tenuit,
398 456 451 494 non
462 440 561 494 Pontus
572 448 596 494 et
607 440 706 495 hostica
717 441 809 512 tellus;
841 456 866 498 tt

98 532 185 588 paene
193 512 287 569 minus
297 512 372 569 nullo
382 512 496 589 Smyrna
507 515 695 587 petenda-loco.

61 592 121 648 Non
131 588 218 647 doluit
227 588 312 663 patria
321 586 441 665 Cynicus
450 590 543 663 procul
555 609 613 646 esse
625 590 771 663 Sinopeus:

99 665 165 741 legit
173 664 247 720 enim
254 664 347 730 sedes.
367 662 453 721 Attica
464 672 547 733 terra,
570 675 639 721 tuas.

61 744 144 798 Arma
153 737 291 797 Neoclides
300 739 348 812 qui
359 739 464 796 Persica
474 742 595 797 contudit
607 740 699 807 armis,

99 814 223 892 Argolica
232 815 348 888 primam
358 816 443 871 sensit
452 817 480 872 iu
490 817 557 871 urba
570 816 673 890 fugam.
841 831 866 871 ro

60 892 162 949 Pulsus
171 890 302 947 Aristides
310 890 396 963 patria
407 891 605 947 Lacedaemona
617 891 699 966 fugit:

99 968 169 1024 inter
181 985 251 1041 quas
262 964 392 1031 dubium,
413 983 483 1038 quae
491 968 564 1038 prior
573 976 655 1033 esset,
676 973 740 1023 crat.

61 1042 149 1101 Caede
156 1058 225 1115 puer
235 1040 302 1097 faeta
311 1040 446 1097 Patroclus
457 1040 710 1114 Opuntarelinquit

99 1116 334 1191 Thessalicamque
344 1114 410 1172 adiit
421 1117 518 1190 hospes
528 1116 640 1173 Achillis
651 1119 777 1174 humum.

59 1192 331 1251 Exuiuhtiaemonia
341 1192 466 1248 Pirenida
475 1193 556 1249 cessit
565 1192 598 1247 ad
608 1193 718 1261 undam,
840 1205 866 1248 ta

98 1288 156 1344 quo
164 1268 314 1325 ducetrahs
323 1266 420 1324 Colcha
430 1285 505 1324 encra
513 1268 631 1325 cucurrit
640 1287 720 1342 aqua.

59 1346 156 1420 Liquit
162 1342 327 1420 Agenorides
337 1343 446 1399 Sidonia
458 1345 562 1401 moenia
572 1344 699 1413 Cadmus,

98 1427 210 1495 poneret
218 1427 250 1475 ut
261 1436 352 1475 muros
362 1419 391 1474 in
401 1418 509 1477 meliore
520 1420 586 1478 loco.

58 1496 142 1554 Venit
151 1494 185 1551 ad
194 1494 338 1552 Adrastum
348 1494 456 1570 Tydeus
467 1495 602 1573 Calydone
610 1495 733 1571 iugatus3

98 1580 125 1628 et
134 1572 267 1627 Teucrum
302 1570 399 1629 Veneri
408 1580 482 1647 grata
516 1572 615 1644 recepit
623 1572 734 1627 humus.
841 1585 866 1628 eu

59 1646 136 1717 Quid
144 1645 256 1703 referam
267 1654 366 1704 veteres
377 1648 512 1704 Romanae
521 1648 619 1722 gentis,
641 1646 713 1719 apud
723 1665 791 1719 quos

98 1722 242 1781 exsulibus
251 1721 331 1779 tellus
341 1722 436 1778 ultima
446 1724 531 1779 Tibur
540 1722 612 1777 erat‘?

59 1802 211 1873 Persequar
218 1806 249 1857 ut
257 1806 377 1865 cunctos,
398 1799 466 1855 uuili
477 1798 555 1854 datus
566 1797 693 1854 omnihus
706 1797 778 1853 aevis

97 1883 155 1933 tam
163 1873 257 1949 procul
268 1892 282 1930 a
292 1874 376 1948 patria
386 1882 440 1941 est,
461 1874 625 1931 horridiorve
639 1872 734 1929 iocus'

61 1952 134 2031 [Quo
142 1950 230 2025 magis
238 1950 358 2025 ignoscat
367 1950 496 2023 sapientia
506 1958 592 2007 vestra
603 1948 712 2015 dolenti,
841 1962 866 2003 ts

99 2026 150 2101 qui
158 2026 263 2083 iacitex
272 2025 350 2082 dictis
362 2044 417 2082 non
429 2025 465 2080 ita
475 2025 558 2081 multa
568 2022 644 2099 tuis]

60 2106 118 2160 Nec
125 2101 337 2167 temeninficior‚
359 2103 382 2155 si
396 2109 505 2174 possent
514 2108 602 2156 nostra
613 2099 683 2155 coire

99 2176 223 2243 vulnera,
243 2175 390 2251 praeceptis
400 2194 479 2249 posse
488 2176 558 2233 coire
566 2176 630 2231 tuis.

60 2252 115 2311 Sed
126 2270 229 2319 vereor,
250 2270 283 2308 ne
294 2270 337 2307 me
346 2252 444 2307 frustra
456 2269 561 2308 servare
571 2251 687 2320 labores,

100 2346 155 2386 neu
165 2328 242 2384 iuver
251 2327 356 2384 admota
364 2327 485 2401 perditus
496 2345 573 2403 aeger
582 2343 641 2399 ope.
840 2338 866 2380 tu

60 2406 117 2463 Nec
126 2404 222 2478 loquor
231 2404 309 2470 haec,
330 2403 395 2477 quia
404 2402 440 2457 sit
448 2402 533 2459 maior
541 2402 682 2476 prudentia
693 2402 788 2470 nohis3

98 2478 222 2543 eedrhm
245 2496 327 2551 quam
337 2478 450 2549 modico,
473 2478 561 2539 notior
569 2481 633 2557 ipse
643 2478 729 2539 mihis.

50 2552 345 2622 monendomum,
368 2574 481 2619 munus
491 2567 542 2619 tua
554 2557 814 2642 grandeyohuntas

73 2622 318 2704 ⁸4¹⁰⁶P⁰W⁰flfii
337 2634 644 2720 wnsutuiquehont.
