1898 2970
196 230 199 235 4
245 163 456 211 FASTORUM
474 166 545 212 LIB.
566 167 597 213 H.
759 163 792 215 45

81 273 107 318 et
116 272 224 319 cantant
235 263 341 333 laudes,
362 266 485 321 Termine
496 275 598 334 sancte,
620 277 689 325 tuas.

46 339 85 395 Tu
95 339 211 412 populos
219 341 354 413 urbesque
362 350 388 396 et
400 359 481 415 regna
492 342 609 415 ingentia
618 343 695 400 finis:

82 417 172 471 omnis
182 417 231 471 erit
239 416 298 471 sine
308 426 332 471 te
345 416 384 470 liti
406 417 478 472 'osus
487 435 559 491 ager.
809 436 846 477 eea

46 491 126 546 Nulla
137 491 184 547 tibi
194 492 319 548 ambitio:
341 492 388 547 aul
399 510 415 549 o
425 493 603 563 corrumperis
613 511 686 551 auro.

83 567 215 654 Legitima
225 585 316 622 servas
327 569 425 623 credita
434 586 497 623 rura
508 568 570 623 fide

45 641 73 697 Si
86 650 114 696 tu
124 643 261 716 signasses
271 643 336 698 oiim
346 644 504 718 Thyreatida
515 651 622 708 terram,

83 734 193 788 eorpora
203 735 257 774 nen
268 717 319 775 leto
331 719 413 774 missa
423 727 536 775 trecenta
546 718 645 786 serent,

47 810 95 849 nec
104 791 172 847 ieret
181 792 331 880 Othryades
340 795 472 867 magestis
483 794 584 849 lectus
577 813 605 848 ιιι
616 795 708 849 armis.
809 811 847 851 ees

83 867 250 940 Oquantum
259 868 360 941 patriae
370 870 511 941 sanguinis
524 868 568 923 ille
578 868 664 923 dediti

45 942 128 1009 Quid,
141 961 209 999 nova
219 961 307 1016 quum
317 944 410 998 fierent
420 943 565 1013 Capitolia?
575 945 675 1015 Nempe
684 944 794 1000 deorum

83 1026 179 1074 cuneta
192 1019 246 1073 Iovi
258 1018 338 1073 cessit
347 1018 440 1083 turba,
462 1018 604 1090 locumque
613 1017 694 1074 dedit.

44 1094 200 1159 Terminus,
220 1100 251 1148 ut
259 1101 408 1149 memorant
415 1100 525 1159 veteres,
547 1096 672 1150 inventus
684 1097 710 1150 in
721 1097 793 1161 aede,

81 1168 194 1232 restitit,
215 1177 241 1223 et
250 1186 348 1243 magno
357 1186 420 1224 eum
430 1171 490 1225 love
499 1169 596 1241 templa
606 1178 685 1226 tenet.
811 1184 849 1225 ero

43 1247 127 1300 Nune
136 1261 258 1315 queque,
279 1262 307 1298 ee
317 1262 399 1316 supra
408 1261 442 1300 ne
451 1245 518 1317 quid
531 1247 582 1299 nisi
593 1245 678 1300 sidera
689 1256 787 1311 cernat,

83 1319 216 1392 exiguum
224 1319 317 1390 templi
329 1328 394 1374 tecta
403 1319 520 1376 foramen
531 1321 638 1376 habeut.

44 1395 188 1459 Termine,
208 1402 268 1465 post
277 1393 346 1450 illud
355 1394 448 1450 levitas
461 1395 508 1449 tibi
520 1394 601 1450 libera
612 1404 727 1451 nonest:

84 1488 140 1542 qua
150 1468 254 1542 positus
265 1467 388 1525 fuerasin
398 1470 524 1535 statione,
545 1488 647 1525 manes.

44 1545 401 1618 Nectuvicinoquidquam
411 1545 647 1620 eoncederoganti,
813 1561 851 1602 aas

85 1639 119 1677 ne
130 1620 236 1676 videare
244 1621 382 1677 hominem
394 1622 580 1694 praeposuisse
590 1622 660 1677 iovi:

44 1705 87 1763 et,
109 1714 158 1751 seu
170 1697 323 1752 vomeribus
333 1715 380 1753 seu
392 1707 421 1752 tu
433 1696 575 1771 pulsabere
583 1697 685 1760 rastris,

84 1770 213 1838 clamato,
233 1773 308 1828 Tuus
317 1781 357 1828 est
366 1773 411 1827 hie
420 1790 492 1847 ager
514 1771 559 1827 ille
568 1788 646 1826 suus

43 1851 96 1904 Est
107 1847 165 1912 via,
185 1865 254 1920 quae
264 1848 396 1919 populum
407 1849 554 1903 Laurentes
564 1845 657 1901 ducit'
650 1864 677 1900 m
689 1863 775 1919 agros,

84 1922 223 1993 quondam
232 1923 364 1979 Dardanio
374 1940 455 1997 regna
464 1922 545 1994 petita
555 1920 627 1977 duci
813 1933 852 1975 ete

48 1998 95 2053 iila
107 1996 218 2071 lanigeri
228 2015 330 2069 peeoris
339 1998 402 2064 trbr
423 1998 560 2064 Termine,
580 1997 656 2054 fibris

84 2089 161 2128 saera
171 2073 243 2128 videt
253 2073 309 2128 fieri
320 2082 411 2129 sextus
421 2074 455 2129 ab
464 2075 534 2128 Urbe
544 2073 622 2144 lapis.

60 2147 184 2204 ”rentibus
193 2147 303 2203 estalus
313 2148 391 2203 tellus
401 2149 461 2202 data
471 2147 556 2202 limite
565 2156 649 2214 certa,

85 2224 222 2280 Romanae
230 2223 348 2295 spatium
359 2230 400 2278 est
409 2223 489 2277 Urbis
499 2231 525 2277 et
534 2222 607 2277 orbis
621 2221 702 2276 idem.

77 2364 136 2430 ¹unc
147 2374 214 2430 mibi
226 2373 338 2429 dicenda
348 2381 388 2429 est
397 2374 467 2447 regis
478 2372 552 2447 iuga
582 2372 770 2428 Traxitebilla
814 2385 852 2426 aes

86 2458 181 2505 sextus
191 2450 225 2505 ab
233 2457 350 2506 extremo
360 2451 470 2505 nomina
481 2466 572 2503 mense
583 2448 649 2502 dies.

95 2526 150 2580 ima
161 2525 325 2597 Tarquinius
335 2527 469 2583 Romanae
480 2524 572 2603 gentis
578 2525 706 2585 babebat

98 2618 181 2673 megae
206 2599 390 2675 ririaiustus,
414 2604 639 2666 fortisadarma
647 2616 764 2662 tamen

104 2673 293 2746 uatbieeb'as,
314 2681 385 2740 aiias
398 2695 546 2747 averterat
560 2689 673 2752 urbes
