1898 2970
142 140 193 199 ἥδ
330 146 360 192 P.
382 146 510 195 ovlml
527 147 698 195 NASONIS

178 248 312 314 convenit,
332 255 358 303 ei
366 248 474 305 structis
483 246 590 305 flamma
598 256 691 322 parata
703 250 787 325 regis.

142 325 196 379 Neo
205 321 268 378 dare
277 331 337 379 tura
348 323 412 380 libes
421 323 489 380 nihil
502 325 637 383 exorantia
649 324 743 381 divos:

179 399 209 454 in
217 400 299 455 tantis
308 400 426 457 subeunt
436 417 485 456 nec
495 401 566 457 bona
575 400 658 458 verba
670 400 762 458 malis.

89 489 113 530 ¹25
142 475 169 530 Si
181 483 270 531 lamen
280 484 321 533 est
329 474 433 550 aliquid
443 476 522 532 nobis
531 476 583 533 hau
592 475 652 532 lues
662 477 810 550 petendum

180 550 209 606 in
220 548 275 607 loca
286 568 320 607 ne
328 551 420 611 redeas
430 550 549 625 amplius
559 553 619 619 ista,
639 568 743 624 praem,

143 626 209 682 dum
220 644 278 694 me,
296 635 428 683 terrarum
437 644 500 701 pars
510 628 763 701 monstrosissima,
784 630 811 685 Ρ(

181 701 382 760 Euxinuslalao
394 703 615 770 nominedietua‚
636 703 728 761 habet.

320 878 559 937 ELEGIA
621 880 716 938 XIV·

146 993 243 1057 Cultor
252 1010 278 1057 el
286 1002 396 1059 antistes
404 1001 543 1060 doctorum
556 1008 646 1057 munta
656 1002 788 1066 virorum,

182 1076 248 1149 quid
258 1076 337 1144 lacis,
359 1078 467 1154 ingenio
479 1095 584 1150 semper
592 1076 678 1131 amice
689 1074 768 1131 meo‘l

144 1151 259 1226 Ecquid,
278 1161 310 1209 ut
319 1153 481 1210 ineolumem
491 1151 626 1227 quondam
637 1151 772 1208 eelebrare
781 1167 811 1206 se

183 1245 387 1304 nuncquoque,
408 1246 442 1286 ne
453 1229 544 1285 videar
553 1234 624 1285 lotus
636 1228 745 1295 abesse,
764 1244 811 1284 aaa

91 1318 103 1358 s
145 1303 276 1376 suscipis,
296 1306 428 1380 exceptis,
448 1304 757 1379 eoquidmeacarmina,
777 1302 811 1360 so⁴

182 1380 306 1447 Artibus,
327 1382 422 1439 artifici
432 1399 501 1454 quae
511 1397 624 1437 nocuere
632 1377 704 1436 suoi

147 1457 232 1511 Immo
241 1457 276 1511 ita
287 1455 337 1522 lae,
358 1475 468 1530 quaese,
487 1464 579 1514 vatum
590 1455 711 1511 studiose
720 1472 811 1512 neven

183 1548 291 1604 quaque
301 1540 385 1604 poles,
406 1534 490 1589 retine
500 1549 597 1590 nomen
607 1532 635 1587 in
645 1532 719 1586 Urbe
728 1548 811 1587 menn

146 1607 194 1662 Est
204 1606 267 1682 luga
276 1607 345 1664 diota
356 1608 434 1675 mihi,
455 1626 509 1666 non
519 1615 559 1664 est
568 1607 632 1682 fuga
642 1606 712 1664 dicta
723 1605 809 1662 libelli

92 1695 118 1738 su
183 1685 232 1756 qui
242 1683 344 1742 domini
353 1702 467 1758 poenam
477 1703 531 1742 nou
542 1700 662 1740 meruere
674 1683 729 1739 aui.

146 1758 228 1833 Saepe
237 1777 285 1833 per
294 1769 417 1818 externas
426 1760 558 1836 profugus
567 1767 642 1834 pater
650 1757 759 1814 exsulat
766 1774 811 1816 era

184 1837 250 1894 urbe
259 1844 347 1896 tamen
359 1839 428 1894 natis
438 1837 540 1894 exsulis
550 1853 608 1892 esse
618 1835 687 1890 licet.

145 1913 401 1987 Palladisexemplo‚
422 1913 767 1969 demesinematreereata

183 1990 383 2052 carminnaunt.
404 1989 564 2064 Stirpshaee
572 1986 811 2063 progeniesqueru

92 2075 118 2117 le
146 2065 219 2122 Hanc
234 2067 283 2122 tibi
296 2065 468 2123 commendo:
489 2083 574 2142 quae,
594 2081 650 2138 quo
663 2062 752 2136 magis
766 2062 811 2117 orl

54 2152 58 2159 '
596 2146 728 2203 muleeat,

184 2217 234 2274 hoc
243 2217 292 2274 tibi
304 2224 385 2275 tuiuri
394 2219 498 2274 sarcina
508 2215 594 2272 maior
603 2216 662 2271 arit.

147 2292 211 2346 Tres
221 2293 288 2349 mihi
297 2301 362 2350 sunl
371 2294 426 2349 nati
435 2293 556 2382 contagia
567 2299 655 2348 nostra
666 2289 766 2345 secuti:

185 2375 284 2425 casura
294 2368 336 2426 lae
344 2385 425 2425 ouras
432 2369 468 2423 sit
477 2368 526 2424 tibi
536 2368 615 2424 turba
624 2365 724 2439 palam.

147 2441 216 2496 Sunt
224 2460 333 2517 queque
341 2451 457 2500 mutatae
465 2443 632 2517 terquinque
641 2439 811 2499 voluminalu

93 2529 119 2573 2⁰
166 2549 168 2554 ·
184 2518 302 2575 carmina
312 2520 345 2575 de
353 2520 457 2576 domini
468 2518 561 2575 lunera
570 2527 645 2592 rapta
655 2518 710 2573 sui.

135 2593 213 2656 Illud
220 2613 291 2673 opus
300 2596 409 2676 potuit,
430 2595 671 2668 sinounriusinse
681 2592 811 2665 narissem

167 2679 301 2741 certiusa
314 2695 435 2739 summa
446 2669 764 2735 nemsnuauusuauu.
