1898 2970
138 158 172 209 56
328 160 355 203 P.
378 156 504 203 ovum
525 156 695 203 NASONIS

142 264 217 317 Vesta
227 275 337 333 quoque
347 256 447 314 utlolio
457 258 537 313 niteat
546 255 631 313 relata
643 258 757 325 repositi,

178 337 247 392 cedit
256 336 290 390 ab
301 334 387 389 Iliacis
397 334 487 390 laurea
496 350 561 387 rana
572 331 648 388 locis.

141 413 229 475 ridde,
251 410 323 483 quotl
334 427 429 465 arcana
439 409 496 463 lieri
508 425 594 464 novus
607 406 679 481 ignis
693 408 724 465 in
734 410 804 467 aedo

179 488 289 554 dicitur3
309 487 414 542 etvires
423 484 530 539 flamma
540 482 634 539 relecta
643 484 726 555 capit.

88 573 126 619 itu
141 564 195 617 Noc.
206 562 272 616 inihi
283 579 364 635 parva
375 560 455 623 fides,
474 576 560 614 annos
570 558 633 613 hino
642 560 697 613 isso
705 560 827 633 priores;

180 640 256 693 Anna
267 637 340 711 quod
350 636 399 690 hoc
408 641 498 705 coepta
510 642 551 689 ast
561 652 654 689 menso
662 635 787 697 Perenna
796 637 856 693 toli.

144 716 211 769 llino
220 714 298 768 etiarn
311 720 410 767 veteres
421 708 479 763 initi
491 718 674 765 memorantur
684 710 803 769 nonnos

181 789 213 843 ael
226 789 344 861 spatium
356 784 434 849 belli,
455 784 554 855 perfide
564 786 663 851 Poeno,
683 786 734 841 tui.

143 864 263 939 Denique
272 865 385 937 quintus
395 860 428 915 ab
440 860 490 914 hoc
501 859 585 915 iuerat
595 860 739 927 Quintilis:
761 870 789 918 et
798 864 860 919 inila

92 952 129 994 teu
183 942 290 1012 incipit,
311 954 449 994 annumero
460 936 569 991 nomina
579 936 706 1008 quisquis
716 936 809 995 habet.

146 1018 266 1081 Primus,
285 1013 414 1070 oliviferis
423 1013 535 1067 Romam
546 1011 677 1067 deductus
686 1010 721 1067 ab
730 1015 816 1081 arvis,

182 1088 330 1159 Pompilius
340 1104 446 1142 menses
455 1087 540 1142 sensit
548 1088 641 1142 abessa
650 1086 734 1157 duom

146 1164 202 1220 sive
213 1165 263 1218 lroc
273 1182 287 1216 a
297 1162 386 1217 Samio
395 1162 498 1226 doctus,
518 1163 565 1234 qui
575 1180 654 1235 posse
666 1164 771 1220 renasci

184 1258 233 1295 nos
243 1246 331 1309 putot,
352 1236 447 1310 Egeria
457 1236 514 1292 sive
525 1244 647 1294 monento
656 1256 716 1294 sua.

93 1330 131 1371 tu»
147 1315 197 1370 Serl
210 1322 298 1368 tamen
307 1314 431 1369 errabant
440 1313 519 1367 etiam
530 1321 594 1368 tunc
604 1322 736 1385 tempora;
758 1315 845 1373 donae

184 1390 304 1446 Caesaris
315 1390 343 1445 in
354 1388 448 1443 multis
459 1389 524 1443 haec
533 1405 641 1461 quoque
651 1406 715 1445 eura
727 1387 789 1446 luit.

147 1468 206 1522 Non
216 1467 281 1521 haec
291 1464 336 1520 ille
345 1464 411 1519 daus
421 1472 562 1536 tantaeque
570 1464 726 1539 propaginis
737 1474 831 1523 auctor

184 1539 399 1596 crediditolficiis
409 1557 467 1594 esse
477 1540 580 1595 minora
593 1540 666 1596 suia:

148 1617 366 1690 promissumque
375 1615 427 1669 sibi
438 1615 523 1670 voluit
533 1632 703 1686 praenoscere
712 1616 835 1688 ooalum;

94 1706 133 1749 tao
187 1691 330 1749 nocdeusi
350 1698 426 1747 notas
439 1690 535 1762 hospes
547 1692 615 1747 inira
624 1692 729 1748 domos.

149 1771 195 1824 llle
205 1787 292 1826 moras
303 1708 387 1834 Solis,
408 1768 510 1841 quibus
523 1768 551 1822 in
562 1785 610 1823 sua
620 1768 698 1841 signa
712 1768 821 1835 rediret.

186 1846 298 1900 traditur
307 1844 405 1900 exactis
415 1843 580 1915 disposuisse
589 1845 668 1900 notis.

150 1921 175 1972 ls
184 1917 270 1971 decies
280 1936 358 1972 sonos
368 1926 513 1973 tercentum
523 1929 549 1973 et
558 1921 679 1992 quinque
688 1918 785 1973 diebus

187 1990 289 2045 iunxit:
310 1998 336 2045 ot
347 2007 362 2044 e
373 1991 451 2060 pleno
460 1999 577 2063 tempora
589 2002 682 2067 quarta
692 1994 745 2049 dio.

96 2080 135 2121 toa
150 2068 198 2122 llio
206 2065 270 2121 anni
281 2064 377 2121 modus
385 2073 434 2120 est.
464 2067 494 2121 ln
505 2067 621 2124 lustrum
632 2070 753 2125 accolere
762 2071 852 2139 debet,

188 2159 257 2213 quoe
266 2149 468 2199 consummatur
476 2146 612 2215 partibus,
633 2145 764 2201 unadies.

153 2284 185 2347 Si
196 2291 256 2347 licet
265 2294 380 2350 occultos
392 2296 509 2350 monitus
519 2296 612 2351 audire
621 2296 732 2352 deorum

188 2367 309 2435 vatibus3
332 2369 516 2425 utoerteiama
527 2371 605 2428 licere
615 2380 704 2445 putat:

152 2443 405 2519 quamsisolfioiis‚
428 2445 557 2512 Gradivo,
578 2450 819 2519 etviribusoptus‚

99 2533 138 2577 tto
189 2519 325 2587 dicarint,
345 2528 481 2577 matronae
490 2539 539 2577 cua
548 2531 593 2579 tua
603 2523 667 2578 laeta
678 2522 774 2580 colant.

150 2596 197 2654 sic
239 2613 270 2654 o:
288 2594 330 2652 sic
337 2597 426 2671 posita
435 2596 506 2654 dixit
513 2598 588 2652 milii
594 2598 837 2675 oass'ulolltauon„

238 2665 784 2739 amenindextramusnuussuruo
