1898 2970
160 174 210 229 378
350 180 379 225 P.
399 176 529 226 ovum
546 179 716 225 NASONIS

159 286 213 341 Nee
220 281 349 340 dubitans
358 299 419 339 oro:
440 280 700 354 sedflumineseepe
708 280 827 341 seeundo

196 365 308 434 augetur
317 359 399 413 remis
409 375 506 414 oureus
515 356 605 414 euntis
613 374 711 432 equae.

158 437 193 491 Et
200 433 284 507 pudet
293 441 319 489 et
327 442 427 501 metuo,
447 449 606 506 semperque
615 433 763 510 eademque
772 434 889 508 preceri3
937 469 939 473 ,

105 524 131 568 3⁰
196 528 230 566 ne
238 510 352 565 subeant
361 510 451 565 animo
460 509 545 566 taedia
555 509 625 564 iusta
636 517 692 566 tuo.

160 587 259 661 Verum
270 585 337 658 quid
347 583 461 640 seciam?
487 586 540 641 Res
550 585 722 642 immoderate
732 587 832 660 cupide
842 594 892 643 eet.

197 664 234 717 Da
244 662 350 717 veniam
360 661 439 726 vitio,
460 661 534 717 mitis
544 662 643 729 amine,
664 680 735 719 meo.

160 738 279 794 Scribere
289 753 367 809 seepe
377 735 450 791 eliud
460 738 587 808 cupiens,
607 736 834 794 delaboreodem:

199 814 257 886 ipse
267 812 354 869 locum
366 827 415 884 per
424 829 453 866 ee
465 812 539 867 litere
550 819 639 868 nosne
649 822 734 888 rogat.

106 903 131 946 ³5
160 890 211 946 Seu
222 896 310 945 tamen
320 887 427 944 effeetus
437 887 562 944 habiture
571 896 612 943 est
619 890 720 963 ρωπίας
741 906 844 946 eeume

196 965 263 1020 dura
275 965 348 1019 iubet
356 962 445 1039 gelido
454 963 535 1019 Perea
545 964 598 1020 sub
607 982 657 1020 exe
667 965 751 1034 mori;

160 1057 264 1113 semper
274 1039 385 1096 inoblita
394 1047 511 1111 repetem
522 1048 568 1096 tue
580 1057 693 1096 munera
702 1048 805 1098 mente:

198 1123 224 1171 et
233 1133 290 1170 mee
301 1133 345 1170 me
355 1113 433 1170 tellus
442 1116 532 1171 audiet
542 1133 601 1171 esse
608 1123 702 1173 tuum:

160 1190 250 1247 audiet
258 1199 284 1247 et
294 1190 366 1247 coelo
375 1192 460 1263 posita
469 1197 509 1246 est
518 1208 696 1265 quaeeunque
708 1193 761 1248 sub
771 1189 841 1249 ullo:

106 1276 132 1324 40
197 1267 293 1323 transit
302 1274 392 1323 nostre
402 1265 471 1322 feros
480 1268 504 1322 si
514 1267 593 1323 modo
605 1267 788 1337 Musaeeee

160 1351 239 1415 teque
249 1360 323 1399 meae
332 1360 456 1399 caussam
466 1350 683 1416 servatoremque
690 1342 797 1410 salutis,

200 1435 296 1490 meque
306 1425 384 1473 tuum
396 1417 464 1474 libre
476 1420 545 1475 norit
556 1426 582 1474 et
592 1437 650 1475 nere
660 1420 757 1494 magis.

340 1631 600 1692 EPISTOLA
638 1636 733 1692 XVI.

322 1754 389 1797 An
433 1755 454 1797 -ι
481 1755 503 1798 N
530 1755 551 1797 v
579 1755 589 1797 ι
617 1755 637 1796 ι)
665 1755 687 1798 υ
715 1757 751 1799 Μ.

161 1862 272 1935 Invide,
293 1869 360 1940 quid
370 1869 468 1924 lacerae
478 1868 593 1924 Nasonis
602 1868 722 1923 carmina
733 1867 821 1941 rapti?

199 1948 257 2000 Non
268 1944 334 2000 solet
343 1945 460 2019 ingeniis
470 1961 576 2000 summe
588 1961 681 2000 nocere
694 1943 766 2000 dies:

162 2021 285 2093 famaque
293 2029 353 2092 post
363 2023 464 2076 eineres
475 2020 559 2076 maior
569 2021 655 2076 venit:
677 2019 780 2075 etmihi
792 2035 888 2075 nomen

199 2105 263 2151 tune
276 2114 397 2169 queque,
418 2115 504 2170 quum
515 2095 587 2153 vivis
596 2090 802 2162 annumerem,
823 2102 887 2151 erat.

107 2182 119 2224 ⁵
162 2171 252 2237 Quum
263 2172 328 2228 foret
338 2180 362 2228 et
372 2174 486 2239 Merene,
509 2173 654 2249 magnique
662 2171 789 2228 Rabirius
799 2171 864 2237 orie,

199 2247 349 2321 Iliacusque
358 2251 454 2316 Macer,
476 2249 649 2321 sidereusque
658 2247 742 2304 Pedo:

161 2330 199 2386 et,
222 2325 268 2395 qui
280 2327 409 2380 lunonem
420 2323 539 2380 laesisset
548 2324 577 2379 in
587 2323 712 2388 Hercule,
734 2323 833 2392 Carus3

199 2400 309 2455 lunonis
319 2401 342 2455 si
352 2401 406 2455 iam
418 2417 471 2456 non
480 2416 563 2474 gener
572 2400 617 2455 ille
626 2397 704 2456 foret:

161 2474 263 2545 quique
272 2476 345 2532 dedit
354 2476 429 2532 Latio
439 2492 545 2532 carmen
555 2474 643 2552 regale
654 2475 783 2545 Severus;

103 2559 131 2604 lo
197 2557 223 2606 et
233 2553 294 2607 cum
305 2551 401 2611 subtili
410 2552 519 2610 Priscus
528 2558 640 2624 uterque
649 2554 752 2608 Numa:

147 2630 257 2711 quique
267 2629 311 2692 vei
321 2633 480 2714 imparibus
490 2627 920 2698 nemee'xeffieememexeeqm

176 2713 307 2795 suffiei83
334 2698 856 2798 eteeminoeeemzuemmeexxemx
