1898 2970
144 183 197 229 ux
215 182 351 229 souso
369 182 425 227 ue.
445 183 518 229 Lm.
532 184 554 230 1.
574 185 631 231 su.
648 184 670 232 a.
684 176 730 252 (2.)
759 183 808 236 279

95 283 120 339 si
130 284 197 340 satis
208 282 274 339 haec
284 280 324 337 illi
335 287 395 339 uota
405 280 500 337 fuisset
509 283 625 341 humus:

58 377 108 418 nec
116 377 171 431 ms,
182 376 232 415 nee
241 375 407 433 quemquam
417 358 568 414 Romanum
578 360 677 433 gaudet
686 362 720 418 ab
731 363 815 429 hoste,

95 434 306 508 mequeminus
326 434 407 489 vitam
419 434 462 488 cui
475 433 548 490 dedit
557 435 624 506 ipse,
645 438 713 508 capi.

56 511 160 576 Noluit.
182 516 332 583 utpoterat‚
354 509 467 565 minimo
477 527 520 566 me
532 510 643 583 perdere
652 520 730 569 nutu.
839 527 864 570 ss

96 585 140 642 Nil
150 603 220 658 opus
230 592 270 641 est
278 583 448 641 ullisinmea
458 583 510 641 fata
520 586 603 642 Getis.

56 661 109 718 Sed
120 678 218 735 neque,
239 677 288 716 eur
300 660 425 726 morerer,
446 661 596 734 quidquam
608 659 674 716 mihi
684 664 810 735 comperit

598 743 702 794 aetum:

96 828 145 867 nec
155 808 382 875 mansissemus,
404 827 486 881 quam
496 809 556 877 fuit,
577 828 635 866 esse
644 819 739 884 petest.

57 889 135 943 Tunc
144 902 255 961 quoque
265 882 304 940 nil
317 883 392 951 feeit,
414 884 466 939 nisi
477 885 550 958 quod
560 885 644 941 faeere
654 887 712 959 ipse
722 890 805 963 eosgi,

95 979 181 1035 paene
192 962 273 1017 etiam
283 959 377 1016 merito
385 960 489 1032 parcior
499 961 538 1014 ira
551 977 620 1016 meo.
840 979 864 1019 30

56 1041 89 1095 m
99 1037 199 1093 faciant
207 1036 300 1110 igitur,
321 1052 437 1109 quorum
448 1035 614 1091 iustissimus
623 1036 682 1109 ipse
693 1045 741 1103 est,

96 1113 168 1169 alma
178 1110 247 1169 nihil
258 1110 347 1167 maius
357 1110 468 1167 Caesare
477 1117 544 1167 terra
554 1111 633 1168 ferat:

56 1197 142 1262 utque
151 1186 200 1243 diu
209 1187 263 1243 sub
271 1203 303 1243 es
312 1184 347 1241 sit
358 1185 465 1260 publica
474 1187 577 1243 sarcina
589 1205 688 1254 mmm,

94 1281 198 1338 perque
207 1280 306 1319 manus
316 1261 398 1318 huius
408 1261 502 1317 tradita
512 1263 600 1338 gentis
609 1271 660 1319 eat.

56 1337 565 1411 Attutamplacido,quamnosquoque
575 1339 710 1395 sensimus
720 1340 808 1406 illum,
840 1354 864 1395 35

95 1414 185 1470 iudice
194 1431 244 1487 pm
255 1411 372 1468 lacrimis
385 1431 430 1469 om
443 1412 544 1469 resolve
553 1415 630 1470 meis.

56 1492 118 1547 Non
131 1489 214 1563 petito
224 1496 255 1545 ut
265 1488 332 1544 bene
343 1490 386 1554 sit,
408 1488 454 1543 sed
465 1489 504 1544 uti
516 1488 585 1545 male
595 1490 694 1559 tutius3
716 1498 800 1564 utque

95 1564 226 1621 exsilium
235 1581 315 1620 saevo
325 1563 404 1619 distet
413 1564 447 1620 sb
457 1564 532 1620 hosts
542 1583 647 1621 meum:

56 1657 197 1715 quamque
206 1638 300 1694 dedere
314 1639 380 1695 mihi
390 1640 538 1711 praesentia
550 1641 662 1696 numina
675 1641 768 1705 vitam,

97 1734 152 1773 uon
163 1715 264 1771 adimat
272 1715 362 1771 stricto
371 1714 514 1788 squalidus
524 1732 587 1770 ense
597 1716 691 1771 Getes:
839 1729 864 1770 m

57 1792 187 1864 denique,
208 1789 233 1845 si
244 1789 352 1856 moriar,
373 1791 484 1847 subeam
495 1791 615 1863 pacatius
626 1806 731 1854 arvum,

96 1883 158 1923 ossa
169 1882 219 1921 nee
228 1883 242 1920 s
252 1865 375 1940 Scythica
388 1872 475 1922 nostra
486 1873 643 1937 premantur
652 1865 749 1920 humo:

58 1960 109 2000 neo
120 1941 192 1997 male
201 1941 372 2012 compositos,
393 1949 423 1996 ut
432 1940 532 1995 seilicet
541 1940 634 1996 exsule
646 1940 760 2013 dignum
771 1950 820 2005 est,

95 2016 210 2073 Bistonii
219 2016 320 2072 eineres
330 2017 432 2091 ungula
443 2015 532 2088 pulset
545 2017 623 2089 equi:

58 2101 139 2159 etna,
161 2091 185 2147 si
194 2099 316 2164 superest
328 2091 428 2164 aliquis
436 2100 497 2163 post
505 2091 598 2147 funera
608 2109 714 2156 sensus,
840 2100 864 2145 u,

98 2175 194 2225 terreat
203 2175 234 2224 ut
243 2185 336 2223 manes
346 2167 473 2223 Sarmatis
483 2168 579 2222 umbra
590 2184 674 2221 meos.

59 2245 182 2302 Caesaris
195 2243 260 2299 haee
271 2243 392 2298 animum
403 2249 524 2315 poterant
534 2242 623 2298 audita
635 2259 750 2307 movere,

97 2320 229 2384 Maxime,
251 2318 398 2375 movissent
407 2319 431 2373 si
442 2325 530 2375 tamen
540 2325 602 2374 ante
610 2324 698 2372 tuum.

59 2396 130 2461 Vox,
152 2411 258 2467 precor.
277 2393 413 2470 Augustas
425 2413 473 2468 pro
483 2412 526 2449 me
537 2402 581 2449 tua
592 2392 694 2449 molliat
703 2411 790 2458 aures,

99 2470 202 2527 auxilio
212 2469 323 2542 trepidis
334 2488 403 2542 quae
412 2470 478 2525 solet
487 2488 545 2527 esse
555 2470 622 2525 reis:
840 2481 865 2522 m

59 2552 222 2618 assuetaque
230 2545 279 2601 tibi
291 2544 382 2601 doctae
391 2544 532 2601 duleedine
544 2543 653 2623 liuguae

94 2621 230 2701 aequandi
237 2619 350 2692 Superis
358 2630 471 2696 pectora
481 2621 560 2683 flecte
568 2623 639 2683 u'm‘u.

40 2692 105 2745 Nou
115 2693 170 2746 tabi
177 2693 368 2759 Theromedon
380 2702 531 2767 crudusve
545 2703 699 2790 regamus
717 2697 841 2759 buxeus·X
