1898 2970
145 176 194 231 ³00
334 181 365 228 1³.
386 182 515 230 ovum
534 178 704 230 umorue

89 296 115 341 re
180 293 278 340 ereum
287 281 393 342 fortune
402 292 507 358 stetque
515 283 639 357 ceditque
648 283 730 340 fides:

145 376 193 416 nee
204 358 280 415 fenile
290 360 413 418 invenies
421 360 515 416 multis
525 361 554 416 in
565 358 688 416 millibus
697 377 797 427 unum,

183 434 309 490 virtutem
323 438 438 509 pretium
449 436 498 509 qui
508 443 584 508 putet
595 452 654 491 esee
662 436 718 492 eui.

146 511 205 582 lpse
214 509 292 567 decer
301 512 375 578 renti,
396 511 457 567 fecti
467 511 491 566 si
501 511 619 583 praemia
629 510 729 577 desint,

184 603 238 641 nen
248 597 345 654 movet,
366 595 392 641 et
419 587 483 641 rutis
496 586 612 658 poenitet
623 586 822 659 esseprobum.

91 671 117 715 ιδ
146 659 370 735 Nii‚nisiquedp
418 669 567 729 munerum
577 672 626 716 eet.
648 662 807 718 Endeirahe
816 661 898 717 menti

184 755 260 810 spem
270 737 372 794 fructus
381 736 484 804 avidae,
505 754 584 793 nemo
592 737 725 810 petendus
735 737 796 794 erit.

147 813 292 869 irrentus
307 814 360 869 iam
375 813 494 886 quisque
505 829 569 869 euos
583 821 667 879 emet,
688 820 715 868 et
723 813 779 869 eibi
789 812 857 887 quid
865 812 901 865 sit

186 889 264 956 utile,
285 889 406 946 sollicitis
414 895 551 961 computet
559 887 689 945 articulis.

149 965 218 1020 Illud
228 965 359 1020 amicitiae
367 964 504 1038 quondam
514 963 665 1020 venerabile
674 981 775 1020 nomen

95 1051 121 1094 20
186 1049 295 1113 prostat,
316 1040 379 1096 etin
392 1048 505 1114 quaestu
517 1057 566 1112 pro
576 1039 713 1094 meretrice
727 1039 811 1096 sedet.

150 1114 209 1184 Quo
219 1117 305 1191 magis
315 1115 441 1183 admiror,
462 1133 526 1183 nen,
547 1124 578 1171 ut
587 1115 751 1185 terrentibus
760 1115 852 1181 undis,

187 1191 339 1248 eommunis
351 1191 411 1248 vitii
419 1201 445 1246 te
454 1207 563 1265 quoque
574 1189 632 1246 labe
642 1189 724 1245 trahi.

150 1267 276 1342 Diligitur
287 1285 375 1333 nemo,
395 1266 449 1323 niei
458 1267 503 1323 nui
512 1265 617 1323 fortune
628 1265 746 1321 secunda
756 1275 807 1322 est.

188 1342 272 1411 Quae,
293 1343 376 1399 simul
390 1342 520 1410 intonuit,
561 1342 664 1398 mxime
675 1358 802 1428 quaeque
816 1339 900 1415 fuget.

98 1431 124 1475 25
151 1420 193 1475 En
203 1436 265 1492 ego,
287 1438 341 1474 non
354 1419 448 1491 paucis
458 1359 595 1492 qnenriim
605 1418 729 1473 munitus
740 1417 844 1481 amieis,

189 1496 255 1550 dum
265 1492 338 1551 flavit
348 1493 415 1551 velis
428 1512 492 1549 aure
506 1495 624 1550 secunda
633 1493 716 1561 meis;

153 1581 183 1627 ut
193 1570 246 1626 fera
257 1571 380 1626 nimboso
394 1578 553 1625 tumuerunt
565 1586 681 1642 aequora
690 1577 779 1635 vento,

191 1648 220 1702 in
229 1645 325 1702 mediis
336 1646 420 1701 lacera
430 1663 498 1701 nave
507 1644 645 1719 relinquor
657 1644 752 1718 equis:

155 1740 296 1796 quumque
309 1722 355 1778 alii
365 1721 452 1778 nolint
460 1721 539 1777 etiem
550 1738 594 1776 me
604 1738 684 1777 nosse
692 1718 789 1785 videri,

101 1811 126 1854 30
191 1797 239 1856 vix
248 1797 302 1855 duo
311 1799 425 1872 proiecto
434 1806 520 1854 tresve
529 1796 629 1853 tulistis
639 1813 728 1870 opem.

155 1875 276 1943 Quorum
289 1875 466 1948 tuprineepe:
488 1872 658 1948 nequeenim
667 1887 757 1929 onmes
767 1887 837 1936 esee,
857 1868 905 1924 sed

636 1955 737 2013 auctet,

193 2043 242 2082 nen
251 2034 339 2099 petere
347 2023 512 2097 exemplum,
532 2023 667 2092 reddare,
686 2022 866 2098 dignuseree.

155 2104 201 2168 Te,
223 2101 291 2158 nihil
301 2109 401 2166 exacto,
423 2097 801 2173 nisinospeecneeeietentem

88 2180 94 2189 ’
195 2187 289 2248 sponte
298 2194 347 2233 sue
357 2177 475 2249 probitas
485 2176 659 2249 officiumque
668 2174 752 2231 iuvet.

103 2265 129 2308 ³5
157 2252 246 2307 Iudice
256 2263 280 2307 te
291 2251 410 2308 mercede
419 2260 499 2317 caret,
519 2269 567 2325 per
577 2268 659 2325 seque
668 2250 782 2325 petenda
791 2258 832 2306 est

195 2329 310 2383 externis
319 2329 405 2384 virtus
415 2328 567 2383 incomitata
577 2327 666 2384 bonis.

157 2404 246 2474 Turpe
255 2413 334 2474 putas
344 2404 427 2470 abici,
448 2403 512 2476 quia
522 2405 558 2458 sit
567 2401 747 2469 miserendus,
773 2402 905 2470 amicum;

152 2523 155 2528 .
195 2478 322 2550 quodque
333 2479 369 2533 sit
378 2478 486 2544 infelix,
507 2478 628 2535 desinere
636 2496 695 2535 esse
704 2488 794 2535 tuum.

157 2553 250 2609 Mitius
261 2561 313 2620 est,
336 2553 405 2612 laeso
414 2554 530 2632 digitum
540 2572 690 2628 supponere
700 2563 800 2623 mente,

88 2639 118 2688 lo
183 2650 311 2714 mergere
321 2651 409 2712 quem
419 2630 536 2712 liquidis
544 2649 595 2690 nm
602 2631 721 2688 munus
728 2633 821 2699 euxine.
869 2701 875 2713 ἱ

133 2713 238 2791 Cerne,
252 2714 328 2799 quid
337 2715 480 2780 Aeacides
491 2719 557 2794 pest
570 2717 693 2771 mertem
703 2712 929 2776 memnernmxmx
