1898 2970
147 234 197 283 ‘lle
339 236 368 279 P.
390 233 519 298 ovum
536 233 709 281 NASONIS

149 341 217 393 Dum
228 335 486 411 trepidentlllinyae,
507 333 575 390 dum
584 333 700 391 solvitur
710 352 808 410 aggere
816 333 893 400 lamis,

184 413 250 467 dum
261 411 385 485 sequitur
394 410 491 467 celeres
500 409 615 466 anchora
625 417 709 467 tracta
719 428 833 480 manns;

94 503 118 547 15
147 488 253 545 conscia
264 488 396 560 percussit
406 485 561 542 meritorum
572 493 677 558 pectora
687 486 797 543 Colchis

185 583 250 620 ausa
260 571 340 637 atque
349 580 448 620 ausura
457 560 542 617 multa
553 560 667 619 nefanda
676 579 775 619 manu·

148 650 182 707 et,
203 657 371 713 quamquam
384 646 505 711 superest
514 638 610 711 ingens
620 636 732 695 audacia
743 640 836 705 menti,

186 716 271 788 pellor
281 716 310 772 in
320 714 444 770 attonitae
453 713 568 787 virginis
579 731 625 769 ore
634 711 695 770 fnit.

149 793 220 867 Ergo
230 792 277 847 ubi
288 790 424 863 prospexit
433 788 567 845 venientia
578 787 651 857 vela3
673 790 820 858 Tenemur,

95 882 120 924 tu
186 878 212 923 et
223 876 297 940 peter
307 875 347 922 est
356 865 447 939 aliqua
457 863 551 921 fraude
561 865 720 931 morandus,
741 867 789 923 ait.

150 939 900 1017 Dum,qnidagatquaerit,dumversatinomniavultns:

188 1019 221 1075 ad
232 1019 338 1075 fratrem
348 1036 413 1074 casu
426 1016 530 1073 lumina
539 1015 607 1073 llexa
617 1016 688 1072 tulit.

151 1096 235 1150 tluius
253 1105 283 1150 ut
300 1093 387 1150 oblata
402 1100 442 1149 est
453 1092 616 1166 praesentim
637 1093 776 1160 Vicimus,
799 1091 901 1169 inquit:

188 1170 232 1225 hic
242 1169 308 1224 mihi
320 1177 403 1226 morte
413 1186 463 1225 sua
473 1185 567 1224 caussa
580 1168 676 1223 salutis
690 1170 750 1225 erit.

97 1259 122 1299 25·
152 1246 276 1302 Protinus
287 1245 372 1319 ignari
383 1243 591 1318 necquidquam
601 1243 653 1300 tale
666 1244 787 1303 timentis

191 1323 338 1375 innocuum
351 1320 438 1395 rigido
448 1318 562 1394 perforat
571 1337 635 1375 ense
646 1319 731 1377 latus:

152 1406 232 1468 atque
242 1397 277 1450 ita
287 1395 399 1459 divellit.
421 1394 583 1469 divulsaque
596 1397 717 1453 membre
729 1415 869 1473 peragras

189 1472 310 1542 dissipet,
332 1472 360 1526 in
372 1472 465 1527 multis
476 1472 637 1528 invenienda
647 1471 723 1529 locis.

152 1550 209 1604 Neu
220 1554 294 1619 pater
303 1548 416 1622 ignoret,
437 1546 547 1620 scopulo
556 1550 681 1620 proponit
690 1549 720 1606 iu
730 1549 783 1605 alto

98 1638 123 1679 aa
189 1624 488 1697 pallentesquemanus,
509 1624 847 1699 sanguineumquacaput.

154 1712 183 1755 ut·
191 1700 294 1776 genitor
305 1699 433 1775 luctuque
443 1718 512 1755 novo
523 1699 640 1756 tardetur
649 1709 684 1766 et,
696 1710 771 1757 artus

191 1778 257 1833 dum
271 1775 334 1851 legit
343 1777 497 1840 exstinctos,
519 1776 593 1831 trista
603 1776 716 1832 retardet
726 1777 785 1833 iter.

156 1856 163 1906 Ι
168 1855 218 1909 nde
227 1854 303 1910 Tomi
313 1853 401 1909 dictus
413 1853 487 1909 locus
498 1851 551 1917 hic,
572 1853 637 1924 quia
647 1851 730 1909 fertau
741 1855 769 1910 in
783 1856 832 1912 illo

192 1930 309 1984 membra
321 1947 395 1986 soror
404 1928 493 1983 fratris
504 1928 672 1983 consecuisse
682 1929 735 1983 sui.

355 2105 596 2162 ELEGIA
656 2106 701 2160 X·

157 2220 189 2281 Si
201 2228 264 2300 quis
273 2229 361 2285 adhuc
370 2229 430 2284 istic
439 2228 563 2285 meminit
576 2229 691 2285 Nasonis
700 2228 810 2293 ademtl‚

192 2311 217 2357 et
227 2313 349 2374 superest
358 2304 417 2360 sina
427 2322 470 2359 me
480 2323 577 2361 nomen
588 2305 617 2360 in
627 2305 697 2361 Urbe
707 2322 815 2373 mcum3

156 2378 325 2451 suppositum
335 2378 419 2435 stellis
430 2398 571 2452 nunquam
581 2380 754 2455 tangentibus
769 2399 872 2454 aequor

194 2471 237 2509 me
246 2455 312 2508 sciat
322 2456 350 2511 in
361 2454 448 2511 media
458 2456 549 2512 vivere
557 2456 691 2513 barbaria.

102 2543 114 2581 5
157 2531 327 2586 Sauromatae
335 2531 458 2607 cingamt,
469 2530 609 2606 satagens,
620 2531 749 2605 Bessique
755 2532 908 2607 Getaeque.

184 2626 270 2686 qnam
282 2626 339 2667 nou
351 2607 468 2687 ingenio
480 2607 596 2665 nomine
603 2606 773 2677 dignement

134 2693 208 2749 Dum
227 2700 324 2751 tamen
335 2707 410 2749 aura
419 2693 509 2764 tepet,
527 2678 622 2741 melleo
632 2676 905 2732 deiendxmumue:

158 2772 216 2838 me
225 2773 295 2838 suis
307 2766 450 2855 liquidus
461 2761 543 2829 bella
552 2753 669 2831 repellat
678 2748 776 2818 aunis.
