1898 2970
143 182 194 236 290
327 186 357 233 Ρ.
379 184 507 233 0v1n11
523 184 692 231 NASONIS

182 285 327 359 naufragus
337 285 366 340 in
379 284 475 341 mediis
484 284 592 341 brechia
602 285 680 340 iactet
687 287 779 359 aquis.

89 374 115 416 35
143 362 224 433 Saepe
234 360 351 433 aliquem
362 359 455 416 sollers
465 360 629 416 medieorum
637 376 701 416 cura
712 360 837 435 reliquit3

182 452 229 490 nec
238 452 299 506 spes
310 434 375 491 huie
383 452 451 491 vene
461 434 598 491 deficiente
607 434 687 491 cadit.

146 510 255 566 Cernere
264 509 391 565 dicuntur
401 509 485 565 clausi
495 528 601 582 sperare
609 509 740 567 salutem:

181 593 262 656 atque
271 584 370 657 aliquis
380 583 500 656 pendens
510 585 539 640 in
548 602 626 640 cruce
635 593 696 641 vota
706 585 780 643 iecit.

145 661 214 714 Haec
223 660 271 715 dea
281 677 364 733 quem
376 658 486 725 multos,
508 659 603 731 laqueo
612 660 738 716 suaoolla
749 660 873 736 ligantes.

91 742 116 787 ιο
183 753 236 791 non
246 743 286 790 eet
294 733 428 807 proposita
436 751 515 805 passe
525 734 611 806 perire
620 736 697 789 nene!

146 811 188 865 Me
198 827 306 882 quoque
314 816 453 865 conantem
462 809 552 882 gladio
561 809 639 864 finire
647 808 767 865 dolorem

183 886 277 950 arcuit,
299 884 392 940 iniecta
402 884 587 957 continuitque
596 902 693 941 mann:

146 958 892 1034 Quidqueiacisilncrimisopueest,nonsanguine,dixit:

184 1053 261 1107 saepe
271 1052 318 1106 per
330 1035 379 1089 hes
389 1033 456 1090 ilecti
466 1034 597 1107 principis
607 1035 645 1089 ira
655 1035 732 1090 solet.

93 1121 118 1167 ⁴5
135 1110 277 1178 Quamvis
288 1117 328 1165 eet
337 1110 419 1184 igitur
429 1111 531 1165 meritis
544 1110 660 1165 indebita
671 1111 780 1176 nostris,

184 1202 281 1258 magna
290 1192 378 1240 tamen
391 1202 453 1257 spes
463 1193 502 1239 est
513 1187 539 1239 in
550 1185 666 1240 bonitale
674 1184 733 1241 dei:

147 1261 194 1333 qui
206 1278 239 1314 ne
249 1258 367 1315 difficilis
376 1259 445 1315 mihi
454 1259 498 1325 eit,
519 1260 656 1327 Gramine,
676 1279 800 1332 precare:

184 1333 274 1390 confer
283 1343 309 1388 et
318 1335 347 1390 iu
358 1343 451 1392 votum
460 1343 491 1390 tu
498 1352 607 1408 quoque
616 1335 696 1391 verbe
706 1354 814 1403 meum;

148 1410 229 1480 inque
239 1409 377 1465 Tomitana
387 1411 484 1464 iaceam
496 1411 644 1466 tumulatus
653 1428 742 1477 arena,

95 1499 119 1541 5⁰
185 1485 209 1538 si
220 1492 244 1537 te
254 1501 306 1538 non
317 1484 394 1538 nobis
406 1485 455 1539 ista
466 1503 562 1541 vovere
572 1486 664 1557 liquet.

148 1562 216 1615 Nam
226 1559 302 1630 prius
313 1559 441 1630 incipient
450 1567 537 1616 turres
551 1562 632 1616 vitare
640 1560 790 1625 columbae,

186 1633 350 1700 antraierae,
371 1634 486 1706 pecudes
496 1636 627 1709 gramina,
648 1654 758 1711 mergus
768 1655 867 1710 aquas,

149 1729 232 1784 quam
242 1709 312 1765 male
320 1728 349 1765 se
358 1718 471 1782 praestet
481 1711 562 1766 veteri
573 1712 719 1768 Graecinus
731 1716 825 1768 amieo.

188 1788 246 1842 Non
257 1786 293 1840 ita
303 1794 367 1841 sunt
376 1786 437 1841 fatis
446 1787 536 1843 omnia
546 1805 622 1842 versa
632 1787 709 1842 meis.

262 1998 513 2056 nnisnnnn
543 2000 638 2057 vni.
669 1979 784 2082 (vn.)

228 2119 290 2159 An
372 2116 813 2164 M‘ESSALLINUM.

150 2223 242 2284 Litora
255 2248 304 2303 pro
315 2231 404 2289 verbis
414 2231 473 2299 tibi.
494 2230 656 2299 Menullino,
677 2230 801 2298 salutem,

187 2321 270 2377 quem
281 2305 357 2382 legis,
377 2324 393 2363 a
405 2307 493 2364 saevis
502 2307 590 2365 attulit
599 2325 685 2380 usque
695 2308 778 2363 Getis.

151 2379 251 2434 lndient
259 2389 394 2438 auctorem
404 2381 496 2438 loeus?
514 2401 559 2451 an,
580 2383 633 2439 nisi
645 2383 753 2438 nomine
763 2383 839 2449 lecto,

189 2454 253 2507 haec
260 2472 302 2509 me
311 2457 445 2513 Nasonem
455 2459 570 2516 scribere
579 2459 660 2514 verba
671 2457 749 2513 latet‘?

99 2539 110 2580 5
152 2528 251 2599 Ecquis
261 2530 418 2588 inextremo
428 2535 531 2605 positus
542 2536 607 2590 iacet
616 2535 679 2590 orbe
689 2542 807 2600 tuorum,

182 2623 227 2662 me
237 2611 326 2668 temen
337 2618 458 2688 excepto¹
480 2611 531 2688 qui
540 2626 631 2686 premi
641 2608 787 2665 esseinne‘i

126 2682 173 2755 m,
181 2704 291 2764 precor,
305 2710 322 2751 a
334 2689 462 2767 cunctis,
485 2691 538 2770 qui
547 2698 573 2748 te
582 2691 747 2746 veneieninn
758 2689 921 2751 nmeninne,
