1898 2970
145 191 194 245 322
253 214 256 219 '
332 193 360 238 P.
381 187 510 236 ovmlr
527 188 698 235 Nesoule

89 311 116 355 re
181 293 223 352 vel
235 309 292 348 mee
302 289 375 364 quod
383 289 484 347 eoniux
493 306 546 345 uon
555 287 642 345 eliens
654 287 706 344 tibi
714 295 771 356 est,

145 370 186 427 vel
197 367 303 432 studiis,
323 365 425 438 quibus
435 381 474 431 es,
485 381 568 438 quum
577 380 636 429 nos,
652 363 801 437 sapientius
809 383 891 436 usus,

182 451 266 516 utque
275 442 358 506 decet,
380 438 779 496 nullefaetusesArteueeens.

147 521 187 576 Tu
197 519 282 583 cenis,
303 523 408 572 esterno
418 514 552 587 quidquid
561 513 677 569 restabat
685 515 808 581 Homero,

184 612 218 650 ne
228 599 333 649 careant
342 606 449 645 summe
458 590 550 645 Troica
559 589 629 645 belle
641 607 736 646 manu,

93 684 119 726 15
146 663 460 741 Nasopurumprudeus,
480 665 571 720 Artem
581 672 640 720 tum
648 664 856 733 traditamaudi,

185 744 319 800 doctrinae
327 740 442 813 pretium
454 739 529 795 triste
539 739 665 815 magister
673 738 761 795 heheu

149 821 218 875 Sunt
230 827 319 873 tumen
328 816 396 870 inter
405 832 434 870 ee
443 816 597 871 eommunia
607 831 680 870 sacre
690 816 791 887 poetis;

186 894 324 949 diversum
333 890 459 964 quemvis
473 891 590 964 quisque
599 906 747 964 sequamur
757 892 819 950 iter:

150 982 266 1043 quorum
274 974 300 1022 te
308 980 463 1032 memorem,
472 981 639 1040 quamquem
651 967 744 1040 procul
756 969 894 1034 absumus

625 1058 684 1097 esse

97 1132 122 1175 20
188 1119 323 1190 suspieor;
343 1123 369 1172 et
380 1132 458 1173 cesus
471 1115 539 1172 velie
549 1116 636 1172 levare
645 1134 730 1174 meos.

151 1196 188 1248 Te
197 1193 264 1249 duee
276 1191 433 1268 magnifiees
441 1191 520 1247 Asiae
528 1192 716 1265 perspeximus
725 1193 820 1250 urbes:

189 1268 323 1324 Trinacris
331 1274 371 1324 est
380 1265 576 1324 oeulieteduee
585 1267 644 1323 visu
653 1267 732 1326 meis.

152 1343 278 1400 Vidimus
289 1343 404 1400 Aetnaea
413 1341 517 1399 eoelum
527 1342 711 1414 splendescere
718 1342 841 1415 flemma3

189 1418 345 1491 suppositus
356 1419 533 1490 meutiquam
543 1418 681 1475 vomitore
692 1419 785 1495 gigas,

99 1507 124 1551 25
153 1497 344 1566 Hennaeosque
354 1492 437 1556 lacus,
459 1500 485 1548 et
492 1493 588 1550 olentia
600 1502 693 1568 stagna
704 1496 795 1561 Palici,

191 1586 299 1642 quaque
308 1569 365 1624 suis
375 1567 484 1642 Cyanen
494 1569 590 1627 misces
596 1569 709 1642 Anapus
721 1573 812 1643 equis.

154 1647 207 1701 Nec
217 1644 308 1718 procul
318 1643 544 1718 hiueNympheu,
565 1661 644 1717 quae,
656 1645 723 1701 dum
736 1646 805 1721 fugit
815 1647 902 1703 Elidis

632 1738 749 1788 amnem,

193 1804 257 1853 tecta
271 1796 323 1852 sub
332 1811 461 1868 aequorea
470 1811 544 1851 nune
552 1813 661 1869 quoque
669 1798 753 1853 currit
762 1816 843 1871 aqua.

155 1872 203 1927 Hic
212 1872 279 1928 mihi
290 1871 402 1928 labentis
411 1886 474 1945 pure
485 1871 548 1927 anui
559 1889 655 1946 magua
665 1880 769 1946 peracte
780 1882 830 1928 est.

101 1957 127 2000 3⁰
192 1949 258 2013 Heu,
280 1946 824 2020 heu,quamdisperestloeusilleGetisl

156 2024 189 2077 Et
198 2033 277 2095 quote
290 2041 351 2094 pars
362 2023 426 2078 haee
435 2030 475 2078 est
484 2040 584 2088 rerum,
600 2041 668 2095 quas
677 2022 797 2079 vidimus
810 2025 900 2093 ambo,

195 2107 219 2152 te
230 2098 296 2154 mihi
305 2097 437 2154 iucundus
447 2097 576 2154 efficiente
585 2099 657 2167 vias3

157 2191 203 2228 seu
214 2182 267 2229 rate
277 2172 408 2230 caeruleas
418 2174 488 2245 pieta
498 2173 663 2230 sulcavimus
672 2172 774 2229 undas:

195 2249 285 2302 esseda
299 2267 347 2305 uos
357 2247 419 2324 agili
430 2248 487 2303 sive
497 2248 580 2305 tulere
590 2257 654 2307 rote.

103 2331 128 2376 35
157 2322 239 2392 Saepe
248 2322 338 2379 brevis
348 2324 425 2381 uobis
443 2324 549 2379 vicibus
560 2326 603 2381 vie
613 2326 671 2381 vise
682 2323 808 2397 loquendi
820 2335 869 2392 est,

194 2395 334 2468 pluraque,
355 2399 379 2454 si
390 2416 523 2465 numeres,
544 2400 624 2457 verbu
635 2401 707 2456 fuere
717 2401 809 2474 gradu.

157 2469 239 2541 Saepe
248 2471 305 2548 dies
315 2490 436 2531 sermone
444 2475 533 2530 minor
545 2475 609 2544 fuit3
631 2477 714 2549 inque
724 2476 858 2548 loquendo

196 2544 268 2598 tarde
278 2563 326 2616 per
336 2551 448 2606 aestivos
460 2548 544 2605 defuit
553 2550 617 2605 hora
627 2552 694 2607 dies,

160 2621 206 2673 Est
216 2618 327 2690 aliquid,
348 2639 426 2679 cesus
437 2626 534 2697 pariter
544 2626 666 2681 timuisse
675 2628 808 2695 marinum
829 2694 831 2698 Ι

105 2699 130 2744 iu
195 2696 338 2769 iunctaque
348 2697 381 2751 ad
390 2715 534 2772 aequoreos
543 2707 602 2755 vota
612 2700 795 2759 tulissedeos:
