1898 2970
154 197 205 252 ³58
337 200 368 247 P.
389 198 519 248 ov1n11
535 198 705 248 monuo

153 305 227 373 Quae
235 301 320 375 prosit
329 303 414 374 piotm
423 303 527 359 utinam
537 301 620 370 mihi;
642 299 872 373 sitquomnlorum

98 393 124 437 to
190 380 244 434 inm
257 377 365 445 modus,
386 386 412 434 et
421 395 510 435 soome
519 376 609 432 mitior
619 377 658 432 im
668 376 780 432 domus!

152 455 190 510 To
201 470 311 527 quoquo
320 453 391 510 idom
403 453 504 527 liquido
515 469 627 525 possum
641 452 730 508 iumro
740 452 852 524 precari,

189 529 285 585 omihi
294 547 348 586 non
361 529 443 585 dnbio
451 529 557 603 oognito
565 528 646 584 Bruto
655 534 728 584 nota.

152 604 578 679 Numquumpmootitorisvorum
583 602 652 659 mihi
657 619 898 674 somperamorom,

191 679 237 736 hio
246 687 335 736 tomen
348 679 458 735 advorso
470 687 587 751 temporo
596 679 681 735 orovit
689 695 780 734 amor:

99 768 125 812 25
154 755 257 829 quiquo
266 763 327 812 tuno
335 755 433 828 pariter
445 753 567 810 laorimos
577 761 737 826 nostrosque
745 753 856 819 videret,

192 848 319 904 passuros
328 847 441 903 poomm
451 829 568 886 modorot
576 847 635 885 emo
643 828 723 886 duos.
816 852 822 864 ·

155 907 254 963 Lenem
266 913 293 962 to
301 906 408 962 minotio
416 905 510 982 genuit
518 907 629 971 Natum,
650 922 700 960 noo
711 904 762 962 ulli

193 982 286 1039 mitius
296 982 550 1058 ingoniomsqunm
559 980 620 1047 tibi.
639 980 729 1048 Bruto,
751 980 837 1037 dedit:

156 1065 195 1124 ut,
215 1058 274 1132 qui,
294 1056 471 1131 quidvoloas‚
491 1057 603 1133 ignoret,
624 1056 707 1112 Marto
717 1055 832 1122 forensi,

101 1145 127 1189 to
192 1150 271 1205 posse
280 1141 327 1191 tuo
335 1133 426 1208 peragi
436 1133 483 1189 vix
491 1139 566 1206 putot
577 1149 622 1189 oro
631 1149 700 1188 roos.

156 1205 389 1266 Sciliootoiusdom
400 1216 448 1276 est.
469 1209 595 1282 quamvis
607 1224 730 1284 pugnare
738 1207 852 1275 videtur,

193 1283 362 1358 supplicibus
372 1283 487 1353 facilem,
507 1284 630 1341 sontibus
639 1291 819 1341 oosotruoom.

156 1358 248 1426 Quum
257 1359 307 1416 tibi
317 1369 441 1434 susooptn
450 1369 490 1417 ost
499 1359 566 1436 logis
576 1358 694 1416 vindicta
703 1377 820 1426 severae,

193 1434 274 1490 verbo
283 1434 358 1492 velut
367 1437 479 1492 tinctum
489 1434 597 1525 singulo
605 1435 682 1491 virus
692 1435 801 1491 habent.

103 1524 128 1568 35
156 1510 284 1568 Hostibus
295 1511 408 1578 eveniat,
429 1529 512 1584 quom
523 1530 561 1567 sis
574 1510 708 1568 violentus
718 1511 849 1578 inarmis,

195 1587 301 1653 sentiro,
322 1593 348 1642 et
358 1585 466 1661 lingum
474 1586 525 1641 tola
534 1587 626 1642 subire
635 1594 710 1643 tuae:

159 1663 285 1737 quaetibi
295 1670 350 1720 tam
362 1661 510 1719 tenuiculo
520 1662 659 1729 limantur,
680 1670 710 1718 ut
719 1681 814 1719 omnes

195 1739 273 1795 istius
282 1739 421 1815 ingenium
431 1738 547 1813 oorporis
557 1756 615 1794 osso
623 1746 730 1813 negent.

158 1817 193 1871 At
202 1815 225 1871 si
245 1834 327 1888 quem
337 1815 404 1872 loodi
414 1817 531 1872 Fortuna
541 1814 628 1871 oernis
637 1815 742 1888 iniquo,

105 1899 131 1947 to
197 1891 302 1948 mollior
311 1899 351 1947 est
360 1891 450 1948 animo
460 1891 558 1947 femina
570 1889 645 1946 nulla
654 1897 710 1946 tuo.

160 1969 215 2025 Hoo
224 1985 272 2043 ego
281 1967 422 2040 praecipue
435 1967 518 2034 sensi,
539 1984 626 2040 quum
639 1983 738 2040 magno
747 1983 868 2022 moorum

198 2044 317 2101 notitiam
327 2061 390 2115 pars
399 2050 438 2098 ost
447 2042 563 2100 inficiata
573 2044 636 2098 mei.

160 2123 303 2176 Immemor
312 2119 430 2187 illorum,
451 2118 532 2174 vostri
547 2137 601 2175 non
617 2117 759 2175 immemor
772 2134 895 2191 unquam

197 2196 246 2266 qui
257 2195 327 2252 mala
339 2194 450 2252 sollicito
459 2201 548 2251 nostro
559 2193 662 2259 levatis,
681 2209 740 2251 oro:

107 2275 132 2323 45
159 2276 184 2322 et
195 2270 281 2339 prius,
302 2272 355 2326 heu
366 2271 444 2327 nobis
454 2271 570 2326 nimium
580 2267 773 2334 conterminus,
794 2269 859 2324 [otor

198 2343 226 2396 in
237 2353 317 2416 caput
325 2346 432 2402 Euxino
441 2345 475 2400 de
485 2363 557 2401 mare
567 2352 649 2401 vertet
657 2344 721 2400 iter:

162 2425 244 2487 utque
255 2420 399 2546 Thgestene
409 2421 516 2477 redeant
525 2421 549 2476 si
560 2429 677 2493 temporo
686 2436 804 2487 menone,

199 2490 292 2548 Solisa
320 2496 389 2550 ans
398 2514 493 2553 currus
508 2504 601 2571 agetur
613 2513 711 2569 aquas:

156 2567 909 2647 quamquisquamvostrtmmnimoioioiotiondomtum,

88 2662 117 2707 to
189 2657 291 2731 argunt
300 2650 453 2729 ingratum
461 2643 756 2709 nonmoniinmmnm.
