1898 2970
257 140 469 189 aasaonttn
486 142 558 188 nin.
577 144 623 189 111.
671 106 674 111 ⁵
777 138 809 190 77

52 240 169 301 ’allada
176 241 289 315 placata,
311 242 399 299 lanam
409 241 514 299 mollire
522 243 626 315 puellae

95 320 219 384 discant,
239 327 265 375 et
272 318 365 391 planas
374 336 517 375 exonerare
529 319 610 375 colos

52 390 105 451 :tta
116 395 200 450 etiam
210 401 308 451 stantes
318 395 393 451 radio
400 412 552 467 percurrere
561 394 627 451 telas

95 469 203 539 erudit;
224 477 250 524 et
259 488 349 525 aarum
361 470 463 541 pectina
474 470 567 527 denset
575 488 654 543 opus.
826 486 864 527 820

52 538 134 602 Hanc
144 546 210 611 cole,
231 546 280 617 qui
290 545 408 600 maculas
419 545 495 601 laesis
505 546 539 603 dc
548 547 668 601 vestibus
679 547 781 603 aufers:

96 624 170 677 hanc
179 619 245 687 cole,
267 620 413 679 velleribus
423 621 549 693 quisquis
558 622 643 677 ahena
656 640 745 696 paras.

57 690 114 754 Nec
125 697 274 769 quisquam
285 696 368 752 invita
376 695 454 753 faciet
463 698 531 752 banc
541 696 649 753 vincula
659 698 765 770 plantae

87 772 217 843 ,Pallada
238 772 273 828 sit
283 773 384 847 Tychio
392 771 492 828 doctior
501 772 546 827 illa
556 771 629 829 licet:

65 854 88 900 ct
98 849 159 903 licet
169 848 280 920 antiquo
290 848 416 903 manibus
427 848 538 903 collatus
546 849 619 919 Epeo
827 861 865 902 885

99 925 136 978 sit
144 922 232 995 prior,
253 923 319 978 irata
328 921 434 977 Pallade
443 941 555 978 mancus
564 924 624 979 erit.

67 996 116 1054 llos
126 1016 251 1071 quoquc,
272 998 392 1055 Phoebea
401 999 508 1054 morbos
518 999 566 1071 qui
576 998 675 1071 pellitis
687 1006 751 1064 arte,

100 1092 214 1129 munera
223 1074 257 1129 dc
266 1074 362 1131 vestris
371 1091 456 1146 pauca
464 1073 558 1131 referta
566 1075 643 1131 deae:

66 1168 180 1216 naevos,
202 1149 279 1205 turha
289 1149 429 1207 lericcnsu
439 1149 558 1206 fraudata
572 1151 702 1225 magistri,

100 1227 231 1299 aparuitc3
252 1224 399 1297 discipulos
407 1227 514 1282 attrahit
527 1225 572 1281 illa
582 1244 680 1283 novos:
828 1238 866 1280 888

63 1303 167 1375 quique
177 1318 268 1356 moves
278 1300 391 1367 caelum,
413 1301 571 1373 tabulasque
581 1301 714 1357 coloribus
726 1302 797 1370 uris3

100 1378 205 1450 quique
214 1374 279 1431 lacis
289 1376 364 1431 docta
373 1375 464 1432 mollia
474 1395 539 1432 saxa
548 1376 640 1431 mania.

62 1453 137 1511 Mille
147 1452 196 1507 dea
206 1459 246 1506 cst
254 1469 380 1523 operum:
401 1461 471 1507 oertc
479 1451 528 1507 dea
537 1451 664 1507 carminis
675 1451 720 1507 illa
731 1459 779 1507 est.

100 1528 129 1584 Si
142 1545 254 1593 mereor,
274 1527 372 1583 studiis
381 1526 451 1583 adsit
459 1527 545 1585 amica
554 1529 631 1584 meis.

61 1604 171 1663 Coelius
181 1621 216 1659 ex
224 1602 277 1659 alto
285 1621 339 1676 qua
350 1621 427 1659 mons
438 1603 574 1660 descendit
582 1602 611 1659 in
621 1620 752 1675 aequum3
828 1615 866 1656 835

98 1680 146 1735 hic
156 1679 204 1734 ubi
215 1696 268 1735 non
278 1678 358 1750 plana
368 1687 416 1746 est,
437 1679 485 1735 aad
493 1697 576 1751 prope
585 1679 665 1750 plana
675 1677 719 1733 via
729 1684 781 1744 est3

60 1774 148 1829 parva
159 1754 220 1810 licat
228 1754 320 1811 videas
328 1754 426 1826 Captae
434 1754 546 1809 delubra
556 1755 701 1817 Minervae,

100 1848 173 1904 quae
181 1830 231 1885 dea
240 1829 321 1886 natali
331 1830 417 1901 coepit
426 1829 523 1884 habere
536 1846 595 1884 suo.

58 1906 189 1964 Nominis
200 1906 228 1960 in
237 1905 319 1961 dubio
330 1922 425 1960 caussa
435 1912 483 1959 est.
515 1903 632 1976 Capitale
642 1921 769 1960 vocamus

99 1981 243 2057 ingenium
253 1979 361 2037 sollcrs:
383 1981 520 2054 ingeniosa
534 1981 582 2036 dea
592 1987 641 2035 est.
828 1986 867 2032 tto

56 2058 116 2124 An,
138 2057 204 2130 quia
214 2056 247 2112 de
256 2057 350 2128 capitis
361 2055 442 2111 fertur
452 2056 511 2111 sina
522 2065 605 2112 matre
614 2056 717 2127 paterni

99 2133 200 2189 vertice
209 2149 272 2188 cum
281 2132 376 2205 clypeo
384 2130 541 2203 prosiluisse
551 2130 617 2186 suo‘l

52 2210 116 2275 An,
137 2208 202 2281 quia
212 2207 368 2281 perdomitis
377 2208 411 2262 ad
421 2225 469 2262 nos
479 2207 582 2278 captiva
592 2203 703 2261 Faliscis

101 2289 190 2353 venit;
212 2292 238 2338 et
246 2284 297 2339 hoc
306 2284 398 2355 ipsum
408 2282 493 2337 littera
503 2285 591 2354 prisca
601 2278 693 2336 docet?

52 2360 116 2427 An,
131 2359 206 2433 quod
215 2358 399 2432 hahetlogem,
410 2359 504 2430 capitis
514 2356 706 2431 quaapcndcra
714 2372 813 2427 poenas
828 2361 867 2407 888

99 2454 136 2491 ex
145 2434 193 2490 illo
203 2434 295 2490 iubeat
304 2433 374 2489 furta
385 2442 488 2505 reperta
500 2433 574 2490 loco‘?

52 2514 84 2570 A
94 2527 261 2585 quacunque
271 2510 360 2565 trahas
369 2510 469 2565 ratione
480 2510 622 2580 vocabula,
641 2509 757 2577 Pallas,

93 2605 149 2658 pro
155 2585 378 2670 dncihasncstris
387 2586 483 2662 aegida
497 2609 612 2668 semper
621 2591 711 2651 haba.

52 2657 160 2711 Summa
168 2658 384 2734 dicseqnmque
394 2666 479 2724 tubas
491 2668 621 2733 lustrare
629 2683 765 2732 canoras
