1898 2970
143 196 193 259 268
328 208 360 254 n.
381 200 700 254 ov1n11unsou1s

323 407 565 466 ELEGIA
624 408 706 463 xli.

143 522 264 596 Scribis,
285 540 315 586 ut
324 531 451 586 oblectem
462 529 551 585 studio
561 528 728 586 lacrimabile
736 538 854 604 tempus,

181 622 214 662 ns
224 616 332 678 pereant
343 608 413 677 turpi
423 613 527 677 pectore
539 612 629 660 nostru
638 605 705 662 situ.

142 680 255 736 Difficile
265 690 318 747 est,
339 679 426 753 quod,
447 681 545 745 amice,
566 697 675 737 mones:
697 681 766 755 quia
780 683 896 740 enrminr

622 755 723 811 laetum

181 839 332 904 suntepus‚
353 838 379 885 et
387 846 480 902 pnesm
490 831 588 885 mentis
598 831 697 887 habere
706 832 813 889 volunt.

90 922 101 962 5
144 908 238 964 Nostra
248 925 295 978 per
304 905 430 961 adversas
439 907 528 981 egitur
538 906 644 962 fortuna
653 908 800 979 proeellas:

182 990 251 1039 sorte
261 999 310 1037 neo
319 980 374 1037 ullu
385 998 443 1037 mea
453 982 553 1037 tristior
562 997 620 1037 esse
632 991 729 1054 potest.

145 1058 255 1131 Exigis,
276 1064 307 1111 ut
317 1056 441 1112 Priamus
452 1065 575 1113 natorum
585 1056 678 1112 funere
690 1057 775 1124 ludat,

182 1140 208 1187 et
217 1130 302 1188 Niobe
312 1130 392 1187 festos
402 1132 482 1187 ducat
493 1140 524 1187 ut
535 1132 599 1187 orbe
609 1132 716 1189 choros.

146 1207 290 1272 Luctibus,
312 1225 346 1262 nn
356 1205 446 1263 studio
455 1207 547 1262 videor
556 1206 652 1262 debere
662 1210 747 1264 teneri

90 1294 117 1337 tt
183 1281 257 1338 solus
269 1282 297 1337 in
310 1290 442 1339 extremos
454 1282 546 1338 iussus
555 1281 629 1337 ubire
638 1283 740 1339 Getes?

145 1358 195 1413 Des
206 1355 266 1412 lieet
276 1357 396 1414 invalido
403 1365 497 1431 peetus
507 1357 575 1414 mihi
586 1358 680 1414 robore
692 1358 805 1426 fuitum,

182 1432 253 1488 fama
263 1430 342 1486 refert
350 1433 433 1507 Anyti
444 1432 525 1505 quale
534 1432 618 1488 fuisse
627 1451 685 1502 re03
821 1444 827 1453 ‘

146 1508 226 1564 innota
235 1506 310 1562 nudet
318 1514 406 1562 tantae
415 1508 545 1579 snpientia
555 1507 624 1565 mole
634 1509 739 1566 ruinae.

183 1582 248 1638 Pius
257 1580 328 1639 valet
336 1582 465 1638 humenis
475 1582 581 1639 viribus
592 1583 630 1638 ira
644 1584 697 1640 dei.

92 1671 117 1713 15
146 1657 193 1715 Ille
202 1675 294 1724 senex,
315 1657 403 1714 dietus
416 1657 525 1730 sapiens
535 1659 569 1714 nb
578 1658 712 1731 Apolline,
735 1660 844 1716 nulium

184 1734 299 1790 seribere
308 1735 338 1791 in
348 1734 398 1791 hoc
407 1750 471 1790 essu
481 1733 656 1790 sustinuisset
667 1751 746 1807 opus.

146 1810 181 1866 Ut
190 1810 423 1883 veniantpatrine,
442 1810 553 1868 veniunt
564 1809 664 1866 oblivia
673 1812 764 1868 vestri.

184 1886 274 1942 omnis
282 1895 309 1942 et
317 1886 412 1942 amissi
424 1904 520 1943 sensus
531 1886 624 1942 abesse
632 1894 725 1959 queat;

147 1968 174 2017 nt
183 1961 262 2018 timor
271 1959 359 2018 officio
368 1961 445 2037 fungi
456 1970 527 2017 vetat
538 1962 595 2036 ipse
604 1962 704 2036 quieto.

93 2048 118 2092 tu
185 2038 294 2094 Cinctus
305 2037 339 2092 ab
349 2037 492 2092 innumero
503 2055 546 2093 me
555 2046 626 2109 tenet
633 2038 710 2093 hoste
718 2036 804 2093 locus.

148 2113 232 2178 Adde,
253 2112 326 2186 quod
336 2114 476 2188 ingenium
488 2112 567 2188 longa
576 2113 702 2187 rubigine
711 2111 816 2167 laesum

186 2195 283 2259 torpet,
304 2195 330 2244 et
338 2195 378 2244 est
386 2187 487 2254 multo,
508 2205 591 2262 quum
602 2187 737 2253 iuuante,
757 2184 885 2251 minues

148 2260 264 2328 Fertilis,
286 2264 395 2320 assiduo
403 2265 427 2320 si
438 2281 491 2320 non
502 2272 643 2320 renovetur
652 2271 748 2328 aratro,

187 2334 240 2401 nil,
262 2338 316 2393 nisi
328 2357 391 2394 cunr
400 2338 487 2412 spinis
497 2356 618 2413 gramen,
640 2338 750 2393 hebebit
761 2355 836 2412 eger.

94 2420 120 2465 tt
149 2412 278 2483 Tempore
287 2415 336 2485 qui
346 2414 425 2489 longo
434 2414 548 2480 steterit,
570 2414 640 2470 mule
649 2421 752 2479 curret,
773 2422 800 2468 et
810 2414 881 2469 inter

186 2486 337 2542 carceribus
346 2490 443 2545 missos
454 2487 567 2544 ultimus
576 2490 639 2554 ibit,
659 2506 758 2561 equus.
854 2556 858 2561 ¹

151 2561 266 2620 Vertitur
276 2560 304 2615 in
315 2568 431 2625 teneram
441 2563 549 2628 cariem,
570 2563 702 2637 rimisque
711 2564 837 2631 dehiscit,

187 2637 211 2692 si
221 2653 275 2709 qun
285 2635 333 2691 diu
343 2637 429 2694 solitis
438 2637 535 2714 cymba
544 2638 650 2693 vacabit
658 2640 750 2711 aquis.

149 2713 192 2771 ue
201 2728 310 2789 quoque
317 2711 437 2788 despera,
458 2710 555 2768 inerim
564 2728 652 2784 quum
663 2721 883 2785 pervusetnnto,

253 2910 345 2930 *a
