1898 2970
142 208 189 262 ⁴56
328 212 358 257 Ρ.
380 208 507 257 ovum
525 209 696 277 Nasonis

139 316 174 372 Αι
183 306 308 370 Lachesis
318 310 465 384 Clothoque
476 309 567 368 dolent
575 329 625 368 sua
633 311 680 369 fila
690 311 786 379 teneri,

177 399 203 445 et
212 388 268 445 fieri
278 389 354 463 regni
366 389 425 445 iura
435 389 538 443 minora
548 388 603 445 sui.

141 467 254 539 lupiler,
275 462 429 537 exemplum
440 463 556 530 veritus,
576 462 673 519 direxit
686 463 716 519 in
726 462 807 520 ilium

87 558 126 601 rua
179 541 302 607 fulmina,
324 541 372 613 qui
383 539 481 595 nimiae
491 546 609 597 moverat
619 538 685 595 artis
694 555 787 611 opem.

142 618 255 683 Phoebe,
276 616 444 689 querebaris:
466 614 595 670 deusest:
617 613 722 687 placare
731 614 844 687 parenti.

181 696 288 765 Propter
298 701 331 759 le,
352 690 580 763 fieriquodvetat,
601 688 743 763 ipseiaeit.

143 794 209 858 Nun
222 810 317 875 egula,
338 800 463 873 quamvis
478 799 633 871 properabis
643 800 766 867 sineere,
787 801 885 867 eamr,

181 879 203 933 si
215 885 283 931 vetet
292 877 459 948 auspicium,
480 876 557 949 signa
567 891 674 931 movere
686 876 781 933 velim.

90 966 129 1010 765
144 955 203 1009 Sint
214 952 260 1007 ubi
272 952 420 1007 Flaminius
431 952 641 1024 Trasimenaque
651 949 739 1007 littera
749 960 843 1019 malas,
879 970 882 975 ·

183 1046 230 1100 per
243 1027 363 1082 volucres
372 1044 472 1099 aequos
484 1026 567 1081 multa
578 1042 687 1081 monere
696 1026 772 1083 daos.

146 1106 273 1173 Tempora
284 1102 306 1155 si
314 1103 410 1156 veteris
421 1103 527 1175 quaeris
540 1101 679 1156 temeraria
688 1101 797 1171 (lamni3

182 1183 294 1248 quartus
304 1177 338 1230 ab
348 1184 466 1231 extreme
475 1193 567 1231 manse
575 1176 618 1230 his
628 1175 673 1231 ille
682 1176 752 1233 dies.

147 1280 255 1342 Postera
266 1284 313 1341 lux
325 1283 426 1341 melior.
456 1282 569 1357 Superat
577 1285 720 1343 Masinissa
729 1286 886 1362 Syphacem

92 1376 132 1419 770
183 1369 208 1416 et
218 1361 311 1415 eecidil
320 1361 379 1416 telis
389 1359 538 1417 Hasdrubal
552 1362 609 1433 ipse
619 1361 688 1417 suis.

148 1482 284 1559 Tempora
296 1486 434 1554 labuntur,
455 1487 596 1561 tacitisque
605 1489 774 1547 senescimus
783 1489 871 1555 anuis3

185 1573 210 1618 et
220 1562 341 1636 lugiunt,
363 1562 499 1619 irenenon
513 1570 674 1629 remorante,
696 1563 765 1619 dies.

148 1641 234 1708 Quam
244 1641 296 1694 cito
305 1649 436 1694 venerunt
445 1639 577 1694 Fortunas
586 1639 672 1694 Fortis
682 1638 812 1696 honores!

186 1718 248 1772 Post
256 1723 356 1788 septem
367 1715 440 1770 luces
451 1714 545 1769 lunius
555 1722 630 1769 actus
640 1715 699 1768 erit.

94 1806 134 1849 175
149 1794 194 1857 Ila,
216 1792 292 1847 (leam
304 1791 364 1846 laeti
373 1791 479 1847 Fortem
492 1789 628 1854 celebrate,
650 1788 784 1857 Quirites:

187 1869 214 1921 in
226 1868 329 1921 Tiberis
340 1867 397 1941 ripa
408 1883 519 1922 munera
530 1865 600 1938 regis
610 1864 698 1918 habet.

150 1944 213 1994 Pars
223 1941 302 2010 pede.
323 1958 385 2010 pars
394 1944 473 1996 etiam
483 1940 560 1995 aeleri
570 1939 700 1994 decurrite
709 1940 823 2013 cymba:

187 2030 235 2068 nec
244 2014 341 2084 pudeat
351 2023 424 2085 potos
436 2016 497 2070 inda
507 2014 592 2070 redire
601 2013 722 2070 domum.

150 2092 224 2144 Ferte
233 2097 370 2144 serenatae
379 2090 509 2145 iuvenum
520 2088 643 2145 eonvivia
653 2087 762 2158 lintres3

95 2179 135 2220 780
187 2164 325 2235 multaque
334 2181 381 2236 per
391 2164 491 2220 medias
502 2165 564 2221 vina
575 2164 701 2220 bibantur
714 2182 811 2237 aquas

150 2240 227 2294 Plebs
238 2240 392 2295 colilhana:
414 2241 487 2313 quia,
508 2242 555 2313 qui
566 2240 665 2311 posuit,
682 2238 715 2295 de
725 2238 806 2312 plebe
818 2238 890 2297 luisse

188 2315 283 2378 lerum,
305 2323 330 2368 et
339 2332 372 2369 ex
381 2314 478 2369 humili
490 2322 590 2387 sceptra
601 2314 695 2371 tulisse
705 2314 773 2371 loeo.

152 2389 281 2445 Convenit
289 2397 315 2444 et
323 2389 422 2444 servis:
444 2407 520 2447 serva
531 2390 595 2462 quia
606 2389 711 2445 Tullius
721 2399 799 2446 ortus

188 2465 325 2520 constituit
334 2465 432 2520 ‹lubiae
442 2465 539 2539 templa
549 2466 700 2541 propinqua
711 2465 787 2525 deae.

94 2575 137 2631 785
147 2568 222 2631 Eece
231 2574 389 2633 suburbana
399 2574 505 2633 rediens
514 2574 586 2629 mala
594 2575 702 2632 sobrius
710 2577 776 2633 aede

176 2651 316 2711 adslellas
330 2648 693 2731 aliquistaliauerbaiae'u:
775 2719 781 2730 ι

120 2750 195 2794 zona
207 2732 277 2794 latet
289 2742 342 2794 tua
352 2749 446 2801 nuno.
465 2736 496 2789 el
507 2742 570 2783 eras
579 2719 819 2781 remeassem».

83 2903 100 2930 Ι-
