1898 2970
152 192 202 249 3l6
338 197 365 244 P.
386 196 514 246 ovlnn
532 196 702 247 uasoms

329 442 587 501 EPISTOLA
627 444 724 500 v111.

263 564 282 606 a
319 565 339 606 n
406 565 430 606 u
466 564 485 606 a
521 563 544 604 x
579 563 590 604 1
626 564 649 605 u
686 563 707 604 u
744 564 774 606 u.

154 667 309 745 Quaetibi,
329 674 500 748 quaerebam,
520 690 664 731 memorem
676 675 801 731 testantia
810 693 901 733 euram

191 752 261 808 dona
271 752 427 808 Tomitanus
438 749 540 805 mittere
550 756 639 823 posset
647 768 721 838 ager.

153 829 258 904 Dignus
267 844 296 882 es
306 834 423 902 argento,
443 825 519 881 lulvo
530 843 639 898 quoque
648 825 757 900 dignior
767 843 847 895 auro;

193 902 239 958 sed
250 909 284 968 ta,
304 920 391 976 quum
400 901 494 967 donas,
514 899 564 956 ista
574 901 667 957 iuvare
676 901 772 958 solent.

101 991 113 1036 t
154 981 208 1035 Nec
218 986 304 1034 tamen
316 978 380 1034 haec
389 976 445 1034 lona
454 982 518 1032 sunt
527 975 584 1034 ullo
593 977 707 1050 pretiosa
718 979 835 1035 metallo.

193 1054 281 1110 Hostis
292 1054 325 1110 ab
335 1052 448 1128 agrioola
458 1052 506 1108 vix
517 1051 582 1109 sinit
593 1051 639 1109 illa
651 1051 717 1108 lodi.

154 1130 276 1202 Purpura
286 1144 364 1201 saepe
373 1136 433 1185 tuos
445 1126 552 1202 fulgens
561 1128 691 1201 praetexit
700 1130 829 1184 amiotus:

192 1204 240 1260 sed
250 1223 303 1261 non
312 1203 455 1260 Sarmatica
465 1203 577 1279 tingitur
586 1204 633 1260 illa
642 1220 737 1260 manu.

155 1280 257 1336 Vellera
267 1280 334 1336 dura
344 1279 433 1336 lerunt
439 1279 569 1353 pecudes,
590 1287 616 1336 et
623 1278 741 1336 Palladis
752 1283 790 1336 uti

102 1368 128 1413 lt
193 1363 248 1411 arte
256 1357 410 1412 Tomitanae
420 1373 473 1413 non
483 1354 599 1412 didioere
608 1373 705 1413 nurus.

156 1433 266 1488 Femina
275 1448 324 1503 pro
334 1429 394 1486 lana
405 1429 521 1487 Cerealia
531 1449 643 1488 munera
653 1430 766 1506 frangit:

194 1508 386 1579 suppositoque
395 1523 504 1580 gravem
514 1510 612 1563 vertice
622 1516 708 1580 portat
718 1526 828 1580 aquam.

155 1586 213 1640 Non
224 1584 268 1638 hic
277 1582 428 1656 pampineis
437 1583 562 1638 amicitur
571 1584 673 1639 vitibus
683 1583 790 1639 ulmus:

194 1659 268 1714 nulla
280 1665 406 1732 premunt
415 1675 503 1715 ramos
513 1660 630 1731 pondere
638 1677 717 1733 poma
731 1678 791 1715 suo.

102 1750 127 1791 15
156 1736 251 1791 Tristia
262 1735 393 1791 deformas
403 1734 514 1808 pariunt¹
522 1736 656 1791 absinthia
666 1737 764 1807 campi,

195 1820 316 1884 terraque
325 1812 358 1867 de
368 1810 471 1877 fructu,
491 1828 573 1884 quam
587 1812 623 1866 sit
633 1829 736 1876 amara,
758 1811 840 1867 docet.

156 1887 199 1943 Nil
210 1888 293 1962 igitur
303 1895 353 1942 tota
363 1887 440 1944 Ponti
450 1889 557 1962 regione
566 1887 678 1952 sinistri,

193 1963 265 2037 quod
276 1972 333 2018 mea
343 1962 470 2018 sedulitas
480 1971 582 2019 mlttere
592 1970 695 2036 posset,
719 1970 783 2017 erat.

157 2040 253 2098 Clausa
263 2046 350 2094 tamen
359 2036 465 2094 misiSe
495 2039 555 2094 hioa
564 2039 613 2094 tibi
623 2037 673 2093 tela
683 2039 820 2109 pharetra:

102 2127 128 2171 20
194 2116 268 2171 hoste
278 2131 370 2188 preoor
382 2113 448 2170 fiant
460 2047 505 2170 illa
517 2122 626 2170 omenta
636 2123 692 2169 tuo.

156 2191 210 2246 llos
221 2191 300 2246 babet
308 2190 373 2246 haee
381 2188 506 2256 calamos,
514 2190 563 2247 hos
572 2190 637 2246 haeo
646 2189 726 2245 habet
734 2206 779 2243 ora
790 2186 899 2243 libellos.

194 2266 263 2319 Haeo
271 2266 498 2341 vigatinnostris‚
519 2267 644 2332 Maxime,
665 2266 742 2319 Musa
754 2263 830 2320 loeis.

157 2338 230 2406 Quae
248 2357 414 2415 quamquam
433 2341 539 2396 misisse
556 2341 652 2414 pudet,
677 2340 742 2413 quia
761 2357 844 2411 parva
864 2337 904 2393 vi-

636 2416 743 2480 dentur,

195 2497 221 2542 tu
234 2496 321 2545 tamen
332 2491 410 2557 haec,
431 2508 540 2565 quaeso,
560 2491 671 2550 consula
679 2492 763 2547 missa
774 2490 848 2548 boni.
