1898 2970
98 169 150 214 Ex
163 168 295 215 PONTO
309 169 365 215 ΕΡ.
384 170 515 218 L113.1v.
534 172 590 218 ΕΡ.
606 173 646 218 11.
661 173 701 220 12.
723 166 767 220 37l

44 278 112 344 lque
122 271 235 336 utinum,
257 271 324 344 rupti
335 272 435 328 iactura
445 271 532 328 laesus
543 272 633 340 amici,
815 288 827 331 5

61 346 193 402 sensisses
204 346 284 412 ulca,
305 348 536 421 quodquererere,
558 349 641 405 nihill

44 425 83 480 lon
94 422 129 478 itu
139 423 182 479 dle
191 422 302 497 placuit,
323 424 371 497 qui
381 423 529 496 lespoliare
537 424 633 496 pudica

61 498 184 572 coniuge,
204 499 325 555 crudeles
335 518 389 556 non
400 501 516 568 habuere
528 499 611 556 nelas.

44 575 125 631 luntie
136 592 199 631 nam
210 574 299 630 luctus
309 575 377 632 mihi
388 593 474 648 nuper
484 573 595 649 epistole
605 576 690 633 venit:

63 650 256 723 lectuque-cum
267 650 385 707 lacrimis
394 660 460 708 sunt
472 660 517 707 tua
529 652 629 707 damna
641 652 719 710 meis.
802 666 828 708 ru
844 706 846 711 ⁴

44 727 75 782 ed
86 743 175 800 neque
182 726 263 783 coluri
271 727 430 800 prudentem
440 728 546 785 stultior
556 728 654 794 ausim,

61 802 197 875 verbaque
206 802 344 859 doctorum
356 811 416 862 nula
426 803 522 859 referre
532 804 596 860 tibi:

44 879 286 952 nitumqucruum,
306 879 330 934 si
340 896 395 936 non
405 879 514 946 ratione,
534 878 652 936 dolorem

62 956 120 1026 ipse
131 954 289 1028 iampridem
300 955 422 1028 suspicor
431 973 489 1011 esse
498 973 583 1011 more.
678 975 681 981 ’

44 1048 94 1085 um
103 1037 149 1085 tua
157 1031 288 1103 pervenit,
308 1031 375 1087 dum
384 1029 458 1087 litere
470 1041 558 1088 nostra
568 1048 706 1088 recurrens
801 1044 827 1086 15

62 1114 99 1162 tol
107 1107 191 1162 marie
201 1114 323 1162 acturas
333 1115 461 1180 permeat,
482 1126 571 1163 annus
584 1108 648 1162 abit.

45 1182 162 1255 emporis
170 1181 290 1239 officium
299 1183 392 1239 solatia
402 1184 488 1239 dicere
496 1183 560 1238 certi
569 1191 619 1249 est,
641 1224 642 1227 η

61 1259 128 1314 dum
138 1257 212 1315 dolcr
222 1258 250 1314 in
260 1277 343 1316 cursu
352 1267 400 1325 est,
422 1259 488 1314 dum
498 1260 564 1332 petit
573 1274 650 1333 aeger
662 1275 749 1331 opem.

44 1342 58 1389 l
70 1351 157 1407 quum
168 1333 246 1408 longe
260 1335 318 1390 dies
327 1334 432 1391 sedavit
441 1334 552 1391 vulnera
566 1335 674 1401 mentis,

60 1411 247 1482 intempestive
256 1410 305 1483 qui
315 1419 412 1477 movet,
434 1410 479 1467 ille
491 1420 579 1468 novat.
801 1423 827 1466 2⁰

44 1485 98 1541 ‚dde
107 1485 181 1558 quod
190 1486 280 1560 (elque
290 1487 393 1543 utinam
404 1505 499 1544 verum
509 1488 558 1544 tibi
569 1487 671 1544 venerit
684 1503 763 1543 omen
774 1487 791 1558 l]

60 1563 186 1636 coniugio
194 1561 259 1619 felix
268 1563 321 1619 iem
335 1573 410 1636 potes
419 1582 477 1620 esse
487 1581 567 1620 novo.

207 1783 468 1841 EPISTOLA
506 1783 586 1838 ΧΠ.

145 1903 208 1944 ru
273 1901 644 1946 ru'rrceuuu.

44 2012 89 2084 luo
100 2015 191 2071 minus
202 2016 231 2071 in
243 2015 340 2071 nostris
349 2014 469 2088 ponaris,
490 2015 583 2082 amice,
604 2013 711 2083 libellis,

60 2094 178 2148 nominis
188 2091 302 2147 efficitur
313 2092 463 2148 conditione
473 2091 523 2150 tui.

45 2177 69 2224 st
81 2187 194 2244 egenen
205 2166 375 2240 aliumprius
388 2167 439 2222 hoc
450 2167 575 2241 dignarer
584 2167 699 2238 bonorc;

58 2253 98 2300 est
107 2244 207 2317 aliquis
218 2251 340 2300 nostrum
351 2243 374 2299 si
384 2241 463 2299 modo
472 2260 579 2297 carmen
588 2242 682 2298 honor.

43 2338 77 2376 ex
89 2321 165 2392 pedis
175 2319 264 2376 officio
272 2319 431 2392 fortunaque
441 2318 558 2374 nominis
568 2317 668 2388 obstan
814 2333 825 2375 5

58 2413 168 2469 quaque
179 2413 252 2452 meos
262 2395 350 2461 adeas,
372 2403 411 2450 est
421 2396 464 2449 via
477 2392 561 2460 nulla,
582 2393 685 2465 modos.

46 2490 88 2527 am
100 2473 183 2545 pudet
193 2473 222 2527 in
232 2472 354 2547 geminos
365 2471 400 2526 ila
411 2487 508 2526 nomen
519 2470 640 2525 scindere
649 2487 757 2537 versus„

58 2548 351 2620 desinatulpriorhcc
372 2545 662 2622 incipietquem‘ruer:

44 2624 154 2692 pudeat,
175 2624 202 2678 si
212 2632 246 2692 tc,
267 2643 324 2700 qua
334 2624 449 2704 syllaba
459 2635 542 2702 purte
550 2632 699 2685 murelum

44 2698 139 2752 erctr'us
147 2701 298 2776 appellem,
322 2705 571 2784 Tuticanumque
578 2714 706 2763 uocem.

637 2787 729 2847 lqu
