1898 2970
157 164 207 218 396
339 166 370 211 1³.
392 162 523 210 0v1n11
541 161 709 211 mosoma

194 284 278 341 quam
287 266 361 322 senis
370 264 466 340 Oeagri
476 263 661 338 Calliopesque
672 280 776 321 nurus.

102 353 142 400 tat
156 339 488 417 quampuerflypsipyles:
500 339 637 413 quamqui
645 356 711 397 cava
720 340 873 412 primusaor

194 416 306 490 cuspide
316 418 434 488 suspecti
443 416 537 471 robora
547 415 606 472 fixit
614 414 693 488 equi:

158 509 225 551 uere
233 491 335 566 gradus
344 490 423 547 adeas
432 489 563 563 Elpenora
571 490 676 546 cautius
685 489 770 549 altos:

195 568 307 641 vimque
315 565 384 624 feras
394 566 462 634 viui,
482 565 766 640 quotulitillemodo:

159 652 268 717 tamque
286 641 365 698 oadas
382 639 516 710 domitus,
536 659 619 715 quam
637 641 766 715 quisquis
784 643 821 698 ad
839 661 873 699 arr

640 724 782 775 vomotem

104 804 144 852 eso
197 793 267 851 iuvit
275 792 458 849 inhumanum
468 791 659 848 Thiodamanta
671 793 793 868 Dryops:

160 887 243 943 quam
256 868 328 925 ierus
339 868 396 940 ipse
405 884 457 926 suo
513 867 545 923 iit
554 866 811 928 mactatusiriautro

197 942 448 1018 proditusioolusae
479 942 642 999 aousaboro
651 943 743 1000 bovis:

161 1038 244 1094 quam
254 1019 302 1093 qui
311 1017 381 1075 dona
391 1017 453 1075 tulit
461 1019 579 1076 Lernaeo
589 1017 669 1075 tiuota
678 1037 792 1086 veneno,

197 1094 384 1167 Euboicasque
393 1110 443 1151 suo
452 1092 586 1181 sanguiue
595 1093 676 1151 tinxit
684 1112 784 1168 aquas:

107 1179 146 1228 495
161 1170 204 1227 vel
214 1171 248 1226 de
257 1168 395 1245 praecipiti
404 1169 498 1226 venias
508 1187 538 1226 m
547 1169 655 1225 Tartara
663 1188 740 1236 saxo.

200 1255 230 1301 ut
240 1245 288 1319 qui
298 1243 462 1302 Socraticum
472 1245 506 1301 de
514 1261 578 1302 uaoa
588 1243 651 1332 legit
660 1263 744 1319 opus:

162 1329 193 1376 ut
205 1321 254 1393 qui
264 1321 380 1377 Theseae
388 1319 493 1377 fallacia
502 1319 561 1377 vela
570 1337 676 1378 sannae

200 1395 281 1450 vidit:
302 1403 333 1451 ut
342 1395 420 1452 Iliaca
431 1396 533 1452 missus
543 1396 577 1453 ab
588 1413 647 1453 area
655 1415 736 1470 puer:

162 1480 192 1526 ut
201 1470 283 1525 teneri
294 1471 396 1536 nutrix,
417 1471 510 1528 eadem
520 1480 668 1540 matertera,
688 1474 783 1530 Bacchi

107 1553 146 1595 5⁰⁰
199 1554 230 1602 ut
238 1545 282 1603 oui
291 1561 385 1601 caussa
396 1546 469 1602 oecis
478 1565 551 1602 serra
562 1557 663 1621 reperta
674 1547 738 1604 fuit:

163 1624 247 1698 Lydia
256 1639 285 1678 se
295 1621 411 1696 seopulis
422 1630 453 1678 ut
461 1623 538 1697 virgo
548 1624 622 1680 misit
631 1625 665 1680 ab
675 1623 745 1691 altis,

201 1699 304 1755 dixerat
314 1698 397 1756 invito
407 1715 477 1772 quae
486 1697 555 1754 maia
566 1700 647 1756 verba
656 1699 716 1758 deo.

163 1776 226 1830 Fata
238 1775 286 1830 tibi
297 1783 417 1830 ooourrat
424 1775 510 1847 patrio
519 1775 658 1847 popularis
667 1777 696 1832 io
707 1794 780 1841 arvo,

202 1851 291 1923 sitque
300 1849 457 1925 Phayllaeae
466 1868 561 1907 caussa
570 1850 660 1907 leaena
670 1852 753 1908 oecis.

110 1938 149 1980 sos
165 1927 273 1999 Quique
281 1925 451 2001 Lycurgiden
462 1925 567 1992 letavit,
587 1934 614 1982 et
622 1927 716 1983 arbore
726 1936 829 1993 uatum,
848 1944 855 1950 ·

202 2003 366 2074 Idmonaque
376 2001 513 2065 audacem,
535 2010 867 2076 tequoqoerumpatoper

166 2080 242 2152 isque
253 2077 295 2134 vel
304 2076 436 2133 exanimis
446 2076 525 2133 faciat
535 2078 583 2133 tibi
594 2077 710 2144 vulnus,
731 2087 762 2134 ut
771 2080 821 2146 illi,

203 2172 248 2210 ora
257 2170 338 2225 super
351 2152 398 2207 fixi
407 2169 488 2225 quam
498 2153 615 2209 cecidero
623 2155 693 2209 suis.

166 2227 253 2300 Atque
262 2230 333 2285 idem
343 2226 426 2283 simili
437 2228 519 2300 pinus
529 2246 611 2301 quem
620 2237 707 2286 morta
717 2231 839 2302 peremit¹

111 2314 151 2356 ιιι
203 2304 294 2379 Phryx
304 2314 329 2359 et
339 2311 446 2359 venator
458 2303 496 2358 sis
505 2304 717 2380 Berecyntiades.

166 2376 192 2430 Si
203 2384 248 2431 tua
258 2379 397 2454 eontigerit
405 2378 508 2434 Minoas
516 2381 619 2451 puppis
631 2397 741 2449 arenas;

204 2459 228 2505 te
238 2451 413 2529 Corcyraeum
425 2453 528 2510 Cressia
540 2456 619 2511 turha
627 2463 718 2528 putet:

166 2528 369 2604 Lapsuramque
379 2528 492 2587 domum
499 2531 609 2597 subeas,
628 2539 659 2586 ut
668 2533 782 2605 sanguis
792 2532 873 2589 dlova

196 2603 275 2666 steila
287 2606 476 2686 Leoprepidae
485 2625 576 2682 quum
583 2604 640 2660 uuo
650 2622 739 2673 aequa
744 2608 819 2658 uaso.

88 2697 132 2744 ⁵15
150 2689 245 2773 thue
257 2689 300 2754 vei
313 2690 439 2751 Euenus
448 2685 565 2747 torrem
574 2680 830 2740 uumxsemersuse
