1898 2970
156 120 206 175 2³8
327 122 371 167 -Ρ,
392 119 520 167 ovmn
537 118 709 167 ransom

158 216 445 298 Tuflmenagnoooio:
467 228 607 295 tactusque
616 220 749 295 cupidine
757 220 857 291 lmulie,

196 300 242 356 llle
251 317 300 374 ego
310 317 388 365 sum,
407 314 518 371 cuperes
528 297 615 354 dioere
623 314 705 371 posse
716 297 819 371 palam.

158 378 233 434 Certe
242 391 301 450 ego,
321 373 468 441 sisinnio,
488 372 597 430 titulum
608 372 896 443 thimidensium,

196 459 222 507 et
234 468 322 517 raram
333 451 431 506 Famae
439 448 581 505 eonciliare
590 447 683 505 fidem.

106 540 131 586 to
159 529 198 583 Ne
208 544 318 583 nooeam
326 533 415 602 grato,
435 541 542 591 vereor,
562 524 612 579 tibi
621 526 759 593 earmina,
780 543 848 583 neve

198 602 402 675 intempestivus
413 600 530 657 nominis
539 601 627 656 obstet
634 599 731 658 honor.

160 678 238 747 Quod
248 678 439 733 lieetettntnm
450 684 504 742 est,
526 677 875 754 introtuapeetoragaude,

200 771 297 828 meque
306 752 346 808 tui
359 769 519 819 memorem,
541 751 715 825 tequeluisse
724 755 795 811 mei:

161 839 245 904 utque
254 828 335 894 lacis,
355 827 436 884 remis
446 827 480 882 ad
489 845 567 899 opem
579 827 679 885 luctare
689 828 838 897 ferendam,

107 920 133 964 2⁰
199 907 265 963 dum
275 905 365 961 veniet
373 902 477 977 placido
487 903 593 960 mollior
605 921 671 960 aura
680 905 745 961 deo:

162 993 188 1039 et
199 991 285 1038 tutare
294 989 375 1053 eaput
388 978 456 1036 nulli
467 979 613 1045 servabile,
634 980 658 1034 oi
669 999 734 1045 nou,

199 1058 248 1131 qui
257 1057 351 1112 mersit
359 1055 461 1132 Stygia,
482 1055 603 1111 sublevet
612 1053 692 1121 illud,
713 1073 799 1129 aqua:

162 1143 241 1207 teque
250 1132 332 1205 (quod
341 1140 381 1187 est
391 1130 491 1205 rarum)
500 1137 605 1204 praeeta
613 1138 767 1188 constanter
777 1131 810 1188 ad
822 1149 900 1188 omna

201 1207 374 1264 indeclinatae
384 1224 485 1263 munus
499 1205 640 1263 amicitiae·
782 1256 787 1264 .

109 1298 135 1340 25
164 1284 208 1340 Sic
217 1291 262 1338 tua
272 1299 413 1355 prooesoue
423 1281 519 1337 babeat
528 1281 634 1338 fortuna
644 1299 791 1355 perennes:

200 1358 527 1434 oieopenonegeasipee‚
547 1358 680 1431 iuvesque
689 1366 766 1415 tuos:

164 1435 203 1490 sio
213 1441 308 1507 aequet
317 1441 362 1489 tua
373 1442 456 1506 nupta
467 1434 558 1490 virum
566 1434 685 1491 bonitate
694 1435 822 1508 perenni:

201 1510 300 1566 incidat
308 1516 334 1564 et
343 1517 431 1564 vestro
444 1527 503 1566 rara
512 1508 620 1583 querela
629 1518 701 1567 toro:

164 1587 258 1662 diligat
268 1593 292 1640 et
303 1601 408 1656 semper
417 1584 506 1641 socius
517 1595 541 1641 te
551 1585 694 1660 sanguinis
707 1586 764 1652 illo,

112 1677 136 1719 eo
203 1681 257 1737 quo
266 1662 328 1735 pius
338 1660 432 1717 affectu
443 1659 551 1718 Castora
563 1661 642 1717 frater
654 1671 740 1718 amat:

166 1741 206 1795 sio
218 1738 324 1795 iuvenis
334 1736 546 1810 similisquetibi
556 1738 696 1805 eitnatue,
717 1745 744 1794 et
752 1738 832 1796 illum

203 1816 323 1872 moribus
334 1823 459 1891 agnoscat
467 1813 582 1887 quilibet
591 1831 649 1869 esse
657 1822 752 1871 tuum:

166 1894 205 1948 sia
216 1892 294 1947 faciat
303 1909 424 1948 sooerum
434 1889 508 1946 taeda
518 1897 545 1946 te
554 1897 615 1947 nata
624 1888 723 1964 iugali;

205 1986 252 2023 neo
261 1967 366 2023 tardum
377 1967 470 2023 inveni
480 1966 524 2021 det
533 1963 582 2021 tibi
592 1983 688 2023 nomen
699 1967 755 2022 avi.

366 2141 604 2201 ELEGIA
662 2143 723 2200 vl.

114 2276 128 2309 θ
168 2259 305 2340 Tempore
314 2266 442 2323 ruricolae
450 2267 554 2338 patiens
566 2265 597 2322 fit
606 2273 700 2322 taurus
712 2267 804 2331 aratri,

206 2345 312 2412 praebet
321 2351 346 2399 et
355 2344 467 2399 incurvo
476 2341 542 2398 oolla
552 2341 696 2415 premenda
706 2342 786 2419 iugo:

170 2426 284 2487 ternpore
293 2427 367 2490 paret
377 2435 464 2490 equus
474 2417 553 2473 lentis
564 2418 702 2474 animosus
712 2418 837 2486 habenis,

206 2501 230 2544 ot
241 2490 345 2562 placido
354 2493 436 2549 duros
446 2493 542 2567 accipit
551 2511 596 2550 ore
606 2494 698 2566 lupos:

113 2581 126 2623 5
171 2575 287 2640 tempore
296 2569 445 2626 Poenorum
455 2570 632 2642 compescitur
640 2569 679 2624 ira
690 2568 815 2639 leonum3

198 2641 353 2706 necferllas
364 2647 474 2715 anime,
494 2643 629 2720 quaelult
638 2652 716 2699 unte.
731 2655 837 2700 munet:
