1898 2970
167 198 217 251 208
362 201 388 244 P.
411 196 538 245 ov1n11
555 196 728 245 Nesorus

204 301 312 374 qualem
322 299 551 356 credibileestore
559 296 644 355 fuisse
653 316 726 357 meo.

166 380 260 433 Nostra
271 384 331 431 tuas
340 376 396 431 vidi
407 375 530 431 lacrimas
539 390 622 447 super
629 392 676 431 ore
684 374 828 448 sedenim

112 462 138 511 4ο
205 462 321 525 tempore
330 470 399 525 quas
410 469 465 507 uno
476 450 583 524 fideque
592 451 675 507 verbe
684 450 755 507 bibi.

166 531 246 584 Nunc
255 546 365 601 quoque
374 527 530 583 submotum
540 526 630 582 studio
639 525 763 583 defendis
773 529 906 598 amicum

204 614 230 659 et
239 603 323 669 mala,
344 604 392 659 vix
404 601 458 659 ulle
468 611 542 674 perte
554 601 681 667 levanda,
703 600 789 659 leves.

167 681 234 735 Vive
244 680 302 735 sine
312 677 423 743 invidie,
444 676 594 750 mollesque
603 676 738 751 inglorius
747 696 836 737 annos

204 756 290 829 exige,
311 753 443 809 amicitias
451 760 477 808 et
486 753 535 807 tihi
546 753 629 827 iunge
640 769 733 825 peres:

113 846 138 886 15
168 832 337 902 Nasonisque
346 829 399 894 tui,
421 827 494 900 quod
504 828 593 884 adbuc
601 846 657 885 non
666 827 774 885 exsulet
783 847 881 897 unum,

206 923 388 962 nomenama:
409 903 551 978 Scythicus
559 905 773 961 coeterai’ontus
782 904 873 961 hebet.

167 983 291 1037 Proxime
303 980 438 1036 sideribus
451 978 530 1036 tellus
542 979 754 1053 Erymanthidos
763 979 849 1037 Ursae

206 1075 248 1112 me
259 1065 343 1123 tenen
364 1056 489 1111 adstricto
499 1063 567 1111 terre
575 1063 683 1126 perusta
693 1054 768 1128 gelu.

167 1136 297 1203 Bosporos
321 1139 347 1185 et
369 1131 467 1185 Tanais
491 1139 633 1201 superant,
663 1130 847 1204 Scythiaeque
874 1150 921 1205 pe-

650 1205 743 1274 ludes;

114 1296 139 1337 so
205 1283 305 1354 vixque
315 1280 380 1337 setis
390 1280 445 1337 noti
454 1280 564 1336 nomine
574 1298 659 1352 peuce
668 1279 730 1336 loci.

167 1358 283 1412 Ulterius
294 1356 363 1411 nihil
374 1365 423 1422 eet,
444 1356 497 1413 nisi
508 1373 562 1411 non
572 1355 717 1412 habitabile
727 1355 828 1431 frigus.

206 1435 263 1486 lieu
274 1449 357 1505 quam
367 1432 455 1486 vicine
466 1440 506 1487 est
515 1431 610 1487 ultime
621 1440 689 1487 terre
700 1432 782 1487 mihil

168 1510 202 1563 At
212 1508 290 1581 longe
299 1508 384 1579 petria
394 1515 448 1571 est,
469 1507 548 1580 longe
557 1507 818 1575 carissimeconiux,

206 1582 340 1657 quidquid
350 1581 449 1637 ethaeo
459 1583 538 1638 nobis
548 1592 608 1653 post
617 1583 672 1640 duo
681 1582 761 1639 dulce
771 1581 834 1642 fuit.

114 1674 140 1718 55
169 1662 212 1717 Sic
223 1670 311 1716 tamen
322 1660 387 1714 haec
395 1657 508 1726 absunt3
521 1666 561 1723 ut,
574 1676 645 1730 quae
655 1660 813 1733 contingere
820 1670 923 1717 nonest

206 1754 323 1809 corpore,
345 1733 605 1790 siutanimocunco
614 1734 732 1790 videnda
742 1752 813 1792 moo.

169 1815 237 1869 Ante
245 1812 336 1869 oculos
346 1819 415 1867 erret
424 1809 530 1875 domus,
551 1810 631 1875 Urbs,
653 1818 679 1865 et
688 1809 776 1866 forme
786 1811 921 1875 looorum,

208 1890 408 1960 succeduntque
417 1887 476 1943 suis
485 1884 593 1960 singula
603 1885 672 1941 facte
683 1884 760 1941 locis.
814 1930 817 1937 .

170 1964 299 2036 Coniugis
308 1971 369 2019 ante
378 1961 479 2028 oculos,
499 1963 569 2017 sicut
578 1961 736 2033 proesentis,
758 1963 851 2038 imago
859 1971 909 2019 est.

115 2051 140 2093 oo
207 2038 253 2092 Illa
264 2057 337 2095 meos
347 2038 570 2112 casusingrevet‚
591 2036 637 2093 ille
648 2037 727 2094 levat.

170 2115 294 2188 Ingravat
303 2116 378 2181 haec,
393 2114 467 2187 quod
476 2115 564 2182 ahest;
586 2113 656 2169 levet
667 2113 742 2178 haec,
761 2114 838 2186 quod
847 2132 922 2187 pree·

650 2196 848 2257 saturantem,

208 2265 420 2337 impositumque
429 2265 482 2320 sihi
492 2264 570 2321 firma
582 2272 672 2321 tuetur
683 2281 765 2321 onus.

170 2340 223 2395 Vos
234 2358 341 2411 quoque
351 2339 502 2412 pectoribus
513 2340 612 2398 nostris
622 2340 751 2406 haeretis,
768 2341 866 2410 amici,

207 2415 293 2469 dicere
303 2434 372 2487 quos
381 2415 461 2487 cupio
471 2416 581 2473 nomine
590 2433 727 2489 quemque
736 2434 803 2473 suo:

117 2503 142 2545 es
171 2490 217 2546 sed
228 2491 306 2544 timor
316 2490 434 2547 officium
447 2493 711 2565 cautusoompeeoit3
732 2500 758 2547 et
767 2492 843 2565 ipsos

203 2567 236 2620 ‘in
249 2574 338 2622 nostro
346 2567 409 2640 poni
420 2567 538 2622 carmine
548 2567 618 2623 nolle
627 2576 703 2640 puto.

160 2644 233 2704 Arte
245 2641 387 2715 volebatis,
410 2643 536 2722 gratique
545 2649 603 2696 eret
609 2643 829 2722 insurrexistis„

192 2725 329 2786 versibus
341 2725 369 2786 in
382 2723 491 2784 nostris
501 2714 796 2782 nominereerreiegx·
