1898 2970
145 145 194 199 dod
283 146 311 194 1³.
333 146 461 193 ovum
479 145 647 193 NASONIS
666 145 751 192 ῙΒῙΒ.

89 266 129 308 ott
143 250 275 322 Quodque
282 247 373 305 dolore
383 249 455 305 necis
465 247 564 320 petrino
573 246 617 318 pin
627 246 681 302 filio
693 247 763 315 fecit,
861 272 866 279 ·

181 322 719 398 vinnulaportaqneitaetibiguttureat.

144 400 342 473 Obstructoque
349 398 448 455 famem
458 397 567 472 potieris
577 398 670 454 limine
679 403 750 466 tecti,

183 483 214 531 ut
223 475 309 550 legem
318 474 472 548 poenoeoui
483 474 555 530 dedit
568 474 625 546 ipsa
635 491 743 546 perone.

145 551 221 606 Illius
233 549 356 623 exemplo
365 549 449 607 violes
458 548 601 605 simulacre
611 549 720 616 Dianae,

91 638 130 682 tto
183 624 401 699 Aulidieopnrtu
410 625 459 698 qui
471 624 528 683 leve
536 625 615 681 vertit
623 624 683 680 iter.

145 699 343 773 Naupliadaeve
353 700 432 757 modo
440 701 501 757 doto
509 700 681 773 proorimine
689 716 789 772 poenes

185 783 267 832 morte
277 775 350 833 luno:
372 784 455 831 noete
465 793 518 833 non
530 776 660 833 meruisse
670 777 753 831 iuvet.

66 884 73 899 ι
146 850 286 909 Aethalion
294 853 349 907 vite
359 849 485 923 spoliavit
495 858 525 907 ut
534 850 613 907 Isidis
621 851 730 922 hospes,

184 943 266 999 quem
277 943 403 983 memore
414 928 497 983 storin
508 944 581 983 nuno
590 944 699 999 quoque
708 926 784 997 pellit
796 930 852 984 lon.

92 1014 131 1058 tot
146 1002 234 1074 thue
242 1001 393 1057 Melanthea
400 1001 516 1059 tenebris
526 1019 540 1057 e
550 1000 628 1057 coede
639 1001 762 1056 latentem

183 1075 299 1149 prodidit
307 1075 394 1134 officio
402 1074 515 1133 luminis
524 1077 587 1132 orbe
597 1094 708 1148 penene3

145 1153 184 1207 oio
193 1161 238 1208 tuo
247 1152 372 1209 eoniootie
383 1150 518 1211 fodientur
527 1159 629 1223 pectora
640 1151 700 1208 telis
709 1172 715 1222 3

183 1228 236 1295 sic,
256 1244 362 1302 premo,
380 1224 491 1285 auxiliis
501 1225 647 1299 impediere
657 1229 722 1283 tuis.

145 1302 239 1369 Qualis
248 1320 332 1376 equos
341 1310 427 1376 puoto,
446 1301 842 1378 quoofortioegebotdohideo,

90 1389 130 1434 teo
182 1386 238 1432 eote
248 1379 349 1454 Phrygi
359 1377 454 1437 timido
462 1385 513 1447 eet,
534 1396 588 1437 nox
598 1379 646 1435 tibi
658 1379 718 1435 telis
727 1388 778 1435 oet.

144 1454 198 1508 Nec
210 1460 249 1519 tu,
270 1471 353 1526 quom
363 1455 478 1522 Rhesus,
499 1472 596 1512 somno
604 1454 711 1511 meliore
719 1455 854 1527 quiesces,

181 1546 264 1600 quem
272 1529 382 1585 comites
392 1530 474 1585 Rheni
485 1538 544 1586 tum
554 1530 640 1596 necis,
661 1539 721 1584 ente
733 1531 805 1586 vine:

37 1648 46 1671 ,
144 1622 226 1676 quem
237 1621 305 1677 quoe
317 1621 381 1660 oum
391 1604 491 1667 Rutulo
501 1606 578 1663 morti
587 1605 733 1660 Rhamnete
741 1605 873 1664 dederunt

182 1680 297 1755 impiger
306 1679 471 1757 Hyrtacides,
492 1678 699 1757 Hyrtacidaeque
708 1696 806 1737 nomes.

89 1767 129 1810 tet
144 1755 333 1829 Cliniedneque
343 1757 422 1813 modo
430 1757 611 1814 circumdatus
621 1756 729 1830 ignibus
738 1758 802 1810 atris

181 1832 301 1888 membre
311 1831 380 1889 soree
389 1831 498 1908 Stygiae
507 1833 687 1889 semicremata
697 1832 757 1887 reti.

144 1908 231 1980 thue
238 1907 321 1964 Remo
331 1925 424 1965 muron
435 1927 501 1965 nuso
511 1909 623 1965 transire
632 1916 757 1975 recentes,

93 2022 96 2031 .
181 1984 260 2038 noxie
269 1983 325 2039 nint
333 1984 412 2057 copiti
423 1986 521 2041 motion
531 1983 580 2040 teta
590 1993 645 2041 tuo.

144 2060 264 2134 Denique
272 2058 430 2117 Sarmaticos
440 2061 510 2117 inter
520 2061 679 2133 Geticasque
690 2059 807 2132 sagittas,

90 2141 128 2188 tto
179 2135 223 2191 hie
233 2152 325 2207 prodor
335 2135 465 2201 utvivon‚
486 2144 512 2191 et
524 2136 636 2193 moriere
649 2133 724 2190 locis.

144 2209 212 2264 Heeo
222 2210 271 2267 tibi
280 2210 408 2284 tantisper
414 2209 507 2268 eubito
517 2220 581 2268 sunt
591 2212 673 2265 misso
684 2208 782 2275 libello,

181 2283 351 2344 immemores
361 2303 395 2342 ne
405 2303 453 2343 nos
463 2304 521 2342 esee
530 2304 641 2359 querere
651 2285 700 2340 tui.

144 2356 229 2413 Pauoe
239 2360 359 2432 quidem,
380 2361 475 2431 fote0r3
496 2359 857 2433 eeddtdentplurerogetis,

181 2433 412 2510 multiplioentquo
420 2454 470 2492 nuo
480 2445 540 2493 vote
551 2437 639 2494 favore
649 2454 718 2491 mea.

88 2515 127 2561 tot
143 2506 283 2573 Postmodo
293 2511 370 2580 plura
381 2510 466 2584 leges,
486 2520 511 2566 et
521 2530 619 2569 nomen
628 2512 753 2568 habentia
763 2528 868 2582 verum,

72 2603 77 2610 ·
175 2580 288 2659 etpodo,
310 2586 710 2664 quodebonteot'tebedeged.

453 2690 630 2723 anun—-
