1898 2970
153 130 203 183 2¹0
345 134 373 179 P.
394 131 520 179 ovum
538 132 705 181 NASONIS

98 249 124 293 2⁰
189 233 338 308 pectoribus
349 241 423 291 teneo
432 253 486 291 nou
496 235 598 292 abitura
614 235 692 292 meis.

154 314 183 366 Di
195 310 253 377 libi,
274 318 432 383 pometum,
455 310 581 378 tribuant,
603 310 745 368 defendere
753 329 864 387 semper,

189 404 257 459 quos
267 386 295 441 in
306 389 415 443 maceria
424 388 590 460 prosperiore
600 387 687 445 iuves.

152 464 178 518 Si
192 471 278 518 tamen
293 462 400 530 interea,
421 462 487 535 quid
498 463 525 519 iu
537 462 581 518 his
590 480 639 538 ego
648 463 770 536 perditus
780 466 844 534 oris,

189 538 272 613 (quod
283 547 307 592 le
315 539 441 594 credibile
450 546 489 593 est
499 538 647 613 quaerere.)
663 540 783 612 quaeris,
808 559 892 617 agenn

99 626 124 670 25
152 633 199 687 spe
210 614 299 670 trahor
310 616 415 700 exigua,
436 632 519 686 quam
533 622 561 669 lu
571 614 638 670 mihi
653 614 759 671 demere
771 617 835 683 noli,

192 690 276 745 tristia
287 690 365 745 leniri
375 689 487 744 numina
497 707 576 761 posse
585 689 639 746 dei.
935 744 938 753 ,

154 768 206 823 Seu
217 774 312 821 temere
322 773 453 837 exspecto,
477 765 534 820 sive
545 765 595 821 hoc
604 766 759 841 contingere
769 768 810 824 fae
819 777 857 825 est

191 850 221 898 tu
231 841 308 906 mihi,
329 840 402 913 quod
410 840 499 912 cupio,
522 839 571 907 fas¹
592 858 693 913 precor,
715 860 775 899 esse
784 846 878 917 proba·

91 920 94 927 ”
154 934 276 992 quaeque
287 917 332 971 tibi
344 915 450 991 liuguae
459 923 500 970 esf
508 913 641 983 facundia,
662 916 753 974 confer
762 919 792 976 iu
804 920 879 987 illud,

99 1006 125 1049 ao
191 1001 221 1051 ut
230 994 323 1050 doceas
337 1000 429 1049 volum
438 1008 516 1065 posse
525 991 612 1048 valere
621 1010 724 1049 meum.
745 1036 750 1043 .

156 1070 215 1138 Quo
224 1069 341 1142 quisque
350 1077 390 1124 est
403 1067 496 1135 maior,
518 1068 604 1142 magis
613 1075 653 1124 est
662 1068 803 1143 placabilis
813 1072 879 1143 irae;

190 1153 215 1200 ei
225 1143 314 1200 faciles
323 1151 412 1201 molus
423 1161 499 1200 meus
507 1161 633 1218 generosa
643 1145 725 1217 cepit.

154 1221 269 1293 Corpora
278 1219 451 1296 magnanimo
459 1219 524 1275 satis
534 1227 574 1274 est
582 1228 730 1292 prostrasse
740 1220 826 1279 leoni:

190 1313 282 1370 pugna
291 1312 374 1352 suum
383 1295 476 1362 finem,
496 1313 583 1368 quum
595 1297 661 1351 iacet
671 1296 770 1364 bostis,
793 1297 881 1354 habet.

99 1383 125 1427 35
152 1372 187 1429 Ar
197 1371 288 1442 lupus,
310 1378 335 1427 et
343 1379 435 1445 turpes
445 1373 545 1428 instant
555 1372 732 1429 morientibus
742 1373 816 1444 ursi;

191 1455 217 1504 et
226 1464 403 1520 quaecunque
417 1449 505 1504 minor
516 1447 651 1503 nobilitate
660 1447 714 1503 fera
725 1456 775 1505 est.

153 1524 240 1583 Maius
250 1522 321 1596 apud
331 1523 437 1579 Troiam
450 1522 509 1580 forti
520 1523 587 1596 quid
596 1524 727 1580 habemus
739 1524 861 1581 Achille?

190 1599 315 1656 Dardanii
326 1598 448 1654 lacrimas
460 1616 513 1655 non
524 1598 585 1656 tulit
595 1599 639 1654 ille
651 1600 734 1656 senis.

154 1676 227 1746 Quae
236 1676 313 1733 ducis
322 1674 441 1732 Emathii
449 1674 529 1731 fuerit
538 1674 686 1742 clementia,
708 1677 789 1733 Poros

100 1761 126 1810 lo
192 1752 372 1827 praeclarique
382 1752 477 1808 docent
486 1750 588 1807 funeris
597 1752 750 1824 exsequiae.

154 1832 226 1888 Neve
237 1830 379 1888 homiuum
388 1826 499 1886 referam
512 1826 593 1884 flexas
603 1827 636 1883 ad
647 1827 740 1883 mitius
751 1827 821 1899 iros;

192 1907 302 1964 lunonis
312 1924 393 1981 gener
403 1912 451 1972 est,
472 1905 521 1978 qui
531 1904 607 1977 prius
620 1902 703 1960 hostis
713 1911 778 1959 erat.

155 1982 275 2055 Denique
285 2000 338 2038 non
349 1999 460 2056 possum
473 1979 576 2037 nullam
586 1997 691 2054 sperare
700 1978 826 2047 salutem,

193 2075 279 2130 quum
290 2076 344 2116 non
353 2058 390 2113 sit
397 2074 497 2131 poenae
506 2074 601 2113 caussa
613 2064 721 2112 cruenta
732 2072 817 2111 meae.

101 2136 126 2183 ls
155 2131 213 2187 Non
224 2135 307 2201 mihi,
327 2134 465 2207 quaerenti
474 2133 648 2208 pessumdare
657 2139 767 2197 cuncta,
789 2131 904 2204 petitum

193 2207 350 2265 Caesareum
364 2218 505 2283 populosi,
526 2208 598 2283 quod
610 2215 689 2280 ceput
699 2208 772 2264 orbis
781 2215 846 2263 erat.

155 2281 214 2338 Non
224 2283 326 2356 aliquid
336 2286 405 2341 dixit
414 2285 583 2358 violentaque
592 2283 685 2358 lingua
695 2282 844 2353 locute'est;

194 2357 300 2431 lapsuve
309 2359 466 2417 sunanimio
476 2362 556 2416 verba
568 2359 678 2433 profana
687 2377 771 2416 merc.

156 2433 241 2488 fuscia
251 2435 324 2506 quod
333 2437 435 2493 crimen
444 2435 570 2491 viderunt
579 2434 691 2501 lumina,
712 2435 827 2507 plector;

102 2520 127 2563 so
193 2518 383 2584 peccatumque
391 2509 482 2568 oculos
492 2519 532 2566 est
544 2510 671 2566 habuisse
686 2529 790 2567 meum.

155 2584 215 2641 Nou
226 2583 350 2657 equidem
361 2593 441 2644 totam
451 2603 563 2661 possum
572 2585 712 2642 defendere
721 2585 845 2660 culpam:

97 2676 102 2720 ,·
117 2724 120 2731 ,
203 2661 370 2743 sedprrtem
383 2659 788 2726 nosiricrirolmsmoeume.
