1898 2970
119 187 170 242 ³42
303 191 331 236 P.
358 190 486 238 0v1D11
504 190 675 238 NASONIS

64 304 90 352 sn
156 301 211 358 aut.
232 290 393 365 qundsaepa
402 291 481 360 solas,
501 291 588 368 exigis
600 298 631 349 ut
639 288 768 349 recitanti
788 359 791 366 ¹

119 367 254 425 Interdum
267 369 390 442 quaritur
399 376 541 435 tumens,
560 366 644 425 oblita
673 364 822 426 nidahsiri

155 385 673 520 Nnoinqnidcnrtssentitnbessasni]
813 449 818 458 '

120 527 204 594 utque
213 517 287 593 loqui
298 518 415 576 multum
424 518 458 575 ds
468 536 512 575 ma
520 526 659 593 praesente
668 516 784 586 solebas,

158 612 231 651 nunc
241 612 349 669 quoque
358 595 474 651 Nasonis
483 612 580 652 nomen
592 595 622 651 in
635 611 680 653 ora
688 601 737 651 tuo
747 591 806 650 est?
864 612 868 617 ·

66 679 92 728 45
120 673 180 744 lpse
189 670 300 743 quidem
314 670 404 728 Getico
413 687 520 743 paream
530 668 644 727 violatus
654 669 690 726 ab
699 685 775 736 arou,

158 746 193 820 (st
202 746 238 802 sit
246 746 346 819 periuri
360 762 443 819 quam
453 762 536 819 propa
545 762 639 819 poena,
659 743 764 820 vides3)

121 831 147 878 tn
156 822 209 878 nisi
220 820 362 878 momentis
372 820 449 878 video
457 838 543 893 paans
552 821 679 880 omnibus
693 820 801 877 absens.

161 897 251 954 Gratia
265 897 317 964 dis,
338 896 601 969 mentiquolibatirs
611 896 682 953 linet.

121 974 175 1029 Han
187 973 233 1028 ubi
244 972 363 1045 perveni,
385 970 454 1028 nulii
464 973 624 1038 oernendnn,
644 971 675 1028 in
684 969 795 1036 Urbem,

69 1061 94 1106 aa
160 1065 238 1121 saepe
249 1046 454 1121 loquortecum;
475 1065 555 1122 saepe
564 1048 688 1122 loquente
700 1045 785 1103 fruor.

123 1125 207 1189 Tum,
228 1123 295 1179 mihi
311 1120 420 1180 difficile
433 1130 487 1191 ast,
508 1124 642 1198 quamsit
658 1121 743 1189 bens,
768 1120 868 1189 diosna,

160 1272 271 1329 candida
282 1273 390 1332 iudiciis
398 1274 463 1333 hora
472 1275 508 1332 sit
520 1274 567 1333 illa
574 1214 742 1332 maligffmque

124 1350 193 1404 Tum
203 1366 255 1415 ma,
276 1351 364 1423 siqua
375 1350 452 1418 fides,
471 1351 648 1409 eoelestisndn
661 1355 797 1421 receptum

160 1441 222 1478 cum
235 1422 376 1480 fortunatis
386 1427 509 1499 suspicor
518 1445 576 1483 essa
588 1427 655 1483 deis.

71 1511 97 1555 55
124 1501 238 1564 Rursus,
247 1499 292 1555 ubi
302 1499 724 1577 hunrsdii,coe1nm8npernsque
734 1505 870 1576 relinquo.

163 1593 177 1629 n
190 1574 270 1650 Styge
280 1593 329 1632 nec
340 1573 419 1652 longa
427 1577 536 1634 Pontica
548 1578 630 1635 distat
638 1579 752 1636 humus.

127 1649 202 1708 Unde
212 1667 260 1727 ego
270 1652 293 1707 si
303 1650 356 1709 fato
366 1653 435 1710 nitor
444 1653 601 1727 prohibente
611 1657 721 1713 reverti:

162 1744 238 1801 spem
248 1726 307 1786 sine
314 1727 443 1804 profectu,
463 1728 589 1798 Maxime,
609 1730 761 1791 tollemini.

311 1944 576 2004 EPISTOLA
621 1946 682 2002 Vl.

227 2065 504 2110 nnrcnnnrn
553 2065 769 2111 culnnrr.

127 2167 204 2233 Naso
214 2197 273 2244 suo,
294 2177 384 2251 posuit
393 2194 492 2234 noman
503 2178 547 2234 cui
556 2196 648 2253 paene,
670 2179 754 2237 sodali

166 2252 247 2307 mittit
256 2255 290 2310 ab
298 2253 414 2310 Euxinis
426 2251 477 2310 hoo
485 2255 566 2312 bravo
575 2273 681 2313 carmen
691 2256 780 2329 aquis.

128 2326 162 2381 At
172 2327 195 2380 si
204 2335 280 2383 cauta
290 2343 387 2399 parum
396 2327 547 2401 scripsisset
555 2330 661 2398 dextra,
681 2333 744 2406 quis
754 2350 836 2399 esses,

166 2400 275 2458 forsitan
285 2403 371 2461 officio
380 2412 455 2479 parta
465 2405 572 2478 querela
583 2407 655 2464 forat

75 2489 87 2531 5
130 2477 185 2533 Cur
194 2483 292 2543 tamen,
313 2480 364 2535 hnc
373 2480 433 2535 aliis
442 2487 531 2537 tutum
540 2483 719 2549 credentibus,
741 2501 824 2551 unus,

166 2549 299 2625 appellent
308 2572 341 2609 ns
351 2556 502 2613 taonrmina
513 2565 611 2625 nostra,
631 2557 728 2634 rogas?

130 2626 234 2694 Quanta
244 2626 280 2683 sit
290 2627 319 2684 in
330 2630 416 2684 medin
427 2629 564 2689 clementia
575 2631 695 2689 Caesaris
713 2634 762 2701 ira,

164 2702 296 2775 sinascis,
318 2720 351 2762 ex
361 2721 405 2762 ms
413 2706 507 2767 certior
517 2724 575 2765 assa
583 2715 669 2784 potas.
