1898 2970
169 185 217 236 ill
355 186 386 231 Ρ.
408 183 535 233 ovum
552 182 723 230 NASONIS

168 293 219 345 lete
228 288 321 344 decent
331 284 412 343 lactus
420 284 505 342 felicia
515 286 593 359 signe
602 285 704 357 podien.

206 362 381 434 Temporibus
391 379 446 418 non
455 368 496 416 esi
505 368 565 434 epte
576 376 672 415 corone
681 358 761 415 meis.

114 453 125 495 5
168 442 237 494 llaec
246 439 294 493 tibi
304 436 459 503 dissimula,
480 437 657 501 sennium,
678 432 845 500 omnindici‚

207 516 235 569 in
244 514 328 587 digito
338 513 384 584 qui
396 529 439 567 me
450 511 555 583 fersque
565 510 701 583 refersque
711 518 768 575 tuo,

168 589 340 664 effigiemque
348 604 435 641 meam
445 585 519 642 lulrc
527 585 683 658 complexus
692 585 721 640 in
732 602 801 641 auro

207 663 398 736 carui-elegati.
418 670 586 733 quaemus,
606 678 652 717 ora
665 659 752 715 vides.

170 741 244 808 Quae
254 741 357 811 quoties
367 745 479 808 spectas,
501 737 595 792 subeat
603 736 653 791 libi
662 735 750 790 dicere
758 734 865 792 forsan:

116 829 142 871 lu
209 815 295 882 Quam
306 812 397 886 procul
409 830 424 866 u
434 812 512 867 nobis
521 813 592 867 Naso
601 809 701 868 sedulis
711 811 802 865 abaeil

172 892 251 947 Grata
262 898 306 945 tue
319 897 359 945 est
367 888 465 960 pietus:
487 886 534 942 sed
543 886 662 941 carmine
672 885 758 940 maior
770 886 861 961 imago

210 974 274 1020 sunt
284 982 356 1033 meu;
377 980 447 1036 quae
457 962 554 1018 mendo
564 960 765 1034 qualiacunque
777 960 866 1035 leges:

172 1043 290 1095 runcina
300 1048 415 1094 mutatas
425 1037 567 1093 hominum
576 1036 689 1093 dicentia
700 1036 817 1092 formas:

210 1114 303 1169 infelix
313 1113 415 1167 domini
424 1113 498 1184 quod
507 1112 571 1186 luga
581 1113 654 1185 rupit
665 1129 744 1184 opus.

118 1203 143 1245 15
172 1192 240 1244 llaec
249 1205 298 1262 ego
307 1187 460 1253 discedens,
482 1186 722 1244 sieutbenemuln
734 1204 868 1254 meorum,

210 1264 266 1335 ipse
277 1281 335 1318 mea
344 1262 422 1335 posui
432 1270 550 1318 moestus
561 1264 590 1318 in
599 1264 662 1337 igne
671 1280 765 1319 manu.

172 1341 259 1410 thue
268 1356 399 1395 cremasse
408 1355 490 1394 nuum
500 1337 583 1393 fertur
592 1338 645 1394 sub
655 1339 744 1411 stipite
754 1347 850 1395 nalum

210 1414 340 1480 Thestias,
359 1424 385 1469 et
394 1413 487 1471 melior
495 1422 579 1469 matre
589 1413 673 1469 luisse
682 1432 769 1480 soror3

173 1492 211 1544 sic
220 1508 269 1562 ego
278 1507 331 1545 non
341 1489 448 1544 meritus
460 1506 565 1545 mecum
575 1490 693 1562 pcrilure
704 1488 811 1547 libellos

119 1579 144 1619 uu
211 1564 327 1636 imposui
337 1564 438 1636 rapidis
449 1564 551 1620 viscere
562 1574 650 1621 nostru
661 1565 748 1639 rogis3

174 1640 215 1696 vel
226 1640 298 1713 quod
308 1657 380 1695 eram
391 1640 492 1706 Musas,
511 1648 541 1695 ut
550 1640 663 1695 crimina
674 1648 774 1706 nostre,
795 1656 920 1713 percsiffl

212 1717 253 1771 rel
266 1715 338 1788 quod
349 1715 436 1771 adhuc
445 1732 566 1772 crescens
575 1727 601 1771 et
613 1714 679 1771 rude
688 1732 798 1772 carmen
807 1724 874 1771 erat.

175 1792 248 1860 Quae
263 1793 392 1866 quoniam
406 1808 460 1848 non
474 1799 540 1847 sunt
552 1792 661 1864 penitus
675 1790 797 1858 sublate,
818 1792 866 1847 sed
878 1807 923 1847 ex·

656 1873 742 1935 clunt3

212 1941 336 2010 pluribus
345 1942 475 2016 exemplis
485 1943 583 2014 scripln
595 1940 680 1997 luisse
688 1958 757 1997 reor.

121 2027 145 2069 25
174 2017 252 2069 Nunc
263 2032 353 2086 precor
361 2024 392 2070 ut
400 2018 506 2083 vivant,
526 2026 615 2073 elnon
625 2017 721 2092 ignave
733 2016 871 2091 legentum

211 2089 409 2153 oliedelecleni.
430 2092 642 2165 admoneantque
651 2092 715 2147 mei.

175 2167 234 2222 Non
245 2174 333 2222 tamen
343 2165 389 2224 ille
399 2166 450 2241 legi
461 2175 585 2239 poterunt
593 2166 722 2239 patienter
732 2168 766 2222 eh
776 2166 844 2233 ullo,

214 2244 313 2297 nesciui
323 2243 365 2298 his
375 2260 511 2298 summam
521 2243 545 2297 si
556 2244 618 2315 quis
629 2243 722 2297 abesse
735 2260 858 2299 manum.

176 2316 303 2371 Ablulum
313 2318 409 2372 mediis
418 2335 487 2390 opus
497 2326 536 2374 est
546 2317 690 2373 incudibus
702 2316 771 2374 illud
779 2338 805 2375 :.

123 2401 147 2442 30
214 2391 298 2446 ‹lcluit
307 2400 332 2446 et
345 2393 450 2464 scriptis
460 2391 555 2448 ultima
565 2392 629 2448 lima
643 2393 721 2448 meis,

176 2467 209 2519 lli
221 2466 323 2521 renium
335 2484 383 2539 pro
396 2467 473 2523 leude
483 2477 556 2540 peto:
579 2468 702 2523 laudatus
713 2468 822 2523 ubunilc

170 2552 171 2556 ’
216 2559 268 2595 non
280 2539 414 2598 fastiditus
424 2544 448 2599 si
458 2543 522 2608 tibi,
544 2542 637 2608 lector,
658 2562 713 2598 ero.

169 2617 225 2674 Hos
235 2635 348 2694 quoque
357 2637 404 2677 sex
416 2636 529 2684 versus,
547 2616 579 2672 in
585 2617 769 2689 qrirnulruntc
778 2617 860 2675 libelli

195 2697 225 2753 si
229 2700 453 2775 praeponendos
463 2712 528 2755 csse
534 2693 660 2768 quinliis„
673 2692 766 2745 naue.
