1898 2970
150 207 201 264 231
340 211 370 258 1³.
392 208 519 257 ovlun
537 208 709 255 NASONIS

150 313 212 370 Sive
221 311 289 367 mihi
299 328 390 378 casus,
410 311 467 366 sive
475 310 526 367 hoc
535 309 608 366 dedit
617 309 656 365 irc
667 308 798 381 deorum

187 386 281 444 nubile
295 387 412 444 nascenti
422 404 470 442 seu
480 386 548 441 mihi
558 386 639 440 Peroe
651 383 718 453 fuit3

96 478 122 522 15
150 472 179 519 tu
190 464 396 521 tomencsncn's
405 462 517 520 hederae
526 460 675 517 cultoribus
684 476 775 518 unum

189 539 303 596 numine
312 540 442 596 debueras
451 538 615 594 sustinuisse
625 544 682 593 tuo.

152 616 210 682 An,
228 615 353 672 dominae
362 614 408 670 fati
418 612 554 687 quidquid
563 612 683 669 cecinero
691 609 813 680 Sorores,

189 707 270 748 omno
279 691 332 747 sub
341 691 450 746 arbitrio
459 689 558 746 dcsinit
567 705 625 745 csse
636 685 701 744 dei?

154 768 215 841 Ipse
223 783 333 840 quoque
342 765 471 821 aetherios
482 764 583 820 meritis
593 764 718 820 invectus
727 779 758 819 es
767 780 856 834 orces,

99 856 125 898 tc
192 860 247 915 qun
257 860 311 898 non
321 842 419 917 cxiguo
428 840 495 897 facte
509 840 598 896 labore
607 839 651 895 vio
660 847 716 896 est:

155 936 204 975 nec
213 918 298 991 putria
310 925 351 973 cst
361 917 479 973 habitate
490 916 553 971 tibi:
575 915 623 971 sed
632 915 666 971 ad
680 932 772 989 usque
781 914 903 972 nivosum

192 993 211 1050 S
283 1011 335 1050 ona
345 993 453 1061 venisti,
475 991 694 1064 Marticolamque
703 990 804 1048 Geton:

155 1070 228 1125 Persi
248 1086 327 1143 eque,
348 1078 374 1124 et
383 1070 435 1125 lato
445 1069 604 1140 spatiantem
614 1064 728 1123 flumine
737 1066 869 1143 Gangem,

193 1152 219 1201 ct
227 1162 405 1219 quoscunque
414 1144 484 1201 bibit
492 1141 596 1200 decolor
605 1142 689 1198 Indus
699 1160 796 1216 eques.

101 1233 127 1277 25
155 1219 261 1277 Scilicet
270 1221 341 1277 hono
351 1220 436 1296 legem
447 1227 539 1276 nentes
549 1217 638 1275 intulis
647 1219 745 1275 Parcae

193 1296 309 1353 sumina
319 1297 362 1354 bis
372 1296 462 1372 genito
470 1295 514 1351 his
523 1294 641 1351 cecinere
654 1294 715 1350 tibi.

157 1373 199 1429 Me
208 1389 326 1445 quoque,
348 1373 372 1427 si
383 1372 423 1428 ias
432 1379 473 1428 est
484 1369 614 1443 exemplis
625 1370 664 1424 iro
673 1369 796 1437 deorum,

197 1447 280 1503 terrea
289 1465 348 1503 sors
359 1448 430 1503 vitae
438 1446 612 1519 difficilisque
620 1445 733 1519 premit:

158 1523 204 1580 illo
215 1540 263 1579 nec
274 1522 360 1579 levius
370 1523 467 1588 cecidi,
489 1541 571 1594 quom
582 1539 679 1597 magna
690 1521 811 1578 locutum

105 1613 130 1656 3⁰
197 1598 319 1671 repulite
330 1598 429 1654 Thebis
440 1599 541 1671 Iupiter
552 1599 614 1673 igne
622 1613 683 1654 suo.

159 1676 192 1732 Ut
202 1683 290 1731 tumen
301 1676 399 1731 audisti
411 1691 571 1747 percussum
582 1673 696 1729 fulmine
705 1680 805 1742 vatem,

197 1751 336 1809 admonitu
346 1752 439 1808 matris
449 1749 618 1808 condoluisse
628 1757 703 1821 potes
711 1750 724 1805 :'

159 1836 184 1885 et
194 1837 278 1902 potes,
299 1828 451 1901 adspiciens
460 1828 563 1884 circum
573 1834 619 1881 tue
629 1842 703 1880 secra
713 1825 816 1896 poetas,

197 1904 293 1960 Nescio
301 1905 365 1975 quis
376 1904 474 1970 nostri,
495 1903 596 1968 dicere,
617 1900 702 1956 cultor
712 1899 797 1954 abest.

105 1992 130 2034 35
158 1981 219 2047 Fer,
235 1980 305 2036 hone
314 1979 404 2046 Liber,
416 1997 508 2052 opem:
530 1979 569 2034 sic
578 1976 659 2033 altum
668 1975 795 2050 degravet
805 1974 911 2030 ulmum

198 2056 271 2122 vitis,
292 2063 318 2111 et
328 2055 432 2113 incluso
441 2055 521 2129 piena
530 2055 565 2110 sit
575 2072 627 2109 uva
637 2069 725 2109 merc:

160 2131 199 2186 sio
208 2132 257 2186 tihi
267 2148 330 2188 cum
340 2131 450 2187 Bacchis
460 2131 616 2206 Satyrorum
626 2145 715 2205 gnava
724 2129 855 2184 iuventus

199 2208 281 2275 adsit,
303 2216 329 2262 ot
338 2207 448 2264 attonito
458 2225 513 2263 non
522 2215 623 2262 taceare
631 2223 712 2263 sono:

161 2299 220 2336 ossa
232 2281 392 2354 bipenniferi
403 2284 442 2337 sio
451 2283 508 2337 sint
519 2282 588 2338 male
600 2298 691 2354 presse
703 2280 820 2355 Lycurgi
830 2298 837 2349 3

106 2363 132 2410 to
199 2356 281 2429 impie
293 2375 341 2414 neo
350 2375 435 2431 poena
444 2359 575 2415 Pentheos
585 2357 682 2414 umbro
693 2362 781 2413 vacet:

161 2431 201 2487 sic
211 2434 289 2488 micet
299 2441 436 2489 oeternum
446 2434 589 2506 vicinaque
598 2434 685 2489 sidera
700 2432 789 2488 vincet

198 2508 321 2586 coniugis
331 2511 360 2567 in
370 2508 444 2569 coelo
455 2509 719 2568 ciureCoronetuue.

147 2586 212 2648 Huc
219 2584 301 2660 edes,
324 2598 353 2649 et
363 2607 449 2649 cesus
459 2587 581 2650 reieues,
598 2580 797 2656 putcherr'xme„
811 2588 928 2636 nosnos,

182 2690 276 2732 unum
289 2671 324 2732 de
340 2687 471 2731 numero
479 2683 528 2725 me
540 2673 652 2717 memor
665 2658 797 2710 essetuo.

62 2752 95 2803 45
121 2748 266 2816 Suntdis
282 2754 365 2818 iuter
376 2770 408 2813 se
421 2738 626 2810 commercist
645 2723 848 2784 mmmm
