1898 2970
149 171 198 227 326
337 176 366 221 Ρ.
386 172 515 221 ovum
532 170 702 221 NASONIS

149 280 359 342 aecusatus,
379 275 536 348 cunctisque
545 274 703 331 incumbere
710 274 810 341 mais.

95 364 120 411 aa
185 351 328 424 etnitipro
337 357 466 407 menoete
474 349 672 424 dioquadaoee:

149 435 233 500 utque
243 427 336 483 iuvent
345 425 401 492 aiii,
422 433 452 480 tu
461 424 541 481 debes
551 424 660 482 sineere
671 424 784 492 amieos,

187 520 266 568 uxor,
286 511 313 557 at
321 501 355 557 ad
365 508 452 574 partes
461 502 549 574 prima
558 501 650 558 venire
659 507 732 557 tues.

150 579 191 634 Ma
231 578 304 634 atibi
314 576 439 650 imposita
448 584 489 632 ast
497 576 595 634 nasa-ia
609 574 832 650 personalibellia

209 649 481 728 aniugieexemplum
490 651 759 709 dieeeisessebenae.

97 737 122 784 aa
150 727 463 801 Hanccavedegenerss:
484 726 827 801 uteintpraeeoniaaustn

190 822 261 870 vera,
282 802 354 869 vide,
373 801 525 877 famaeque
534 804 724 877 tueariaopue.

153 882 186 937 Ut
196 879 263 936 nihil
273 878 331 952 ipse
338 893 446 952 querar,
466 878 544 936 taeito
552 876 829 953 meiamaquereturj

190 954 355 1029 quaedebet‚
376 952 494 1011 fueritni
506 954 703 1012 tibieuramei.

153 1030 285 1105 Exposuit
294 1036 393 1087 memet
400 1028 500 1104 populo
510 1030 627 1087 Fortuna
637 1029 797 1098 videndum,

100 1119 125 1162 5⁰
191 1105 287 1179 etplua
299 1106 417 1173 notitiae,
437 1123 521 1180 quam
534 1104 664 1172 initiante,
685 1105 769 1164 dedit.

154 1183 244 1239 Notior
254 1189 294 1237 est
306 1180 391 1237 faetus
400 1181 540 1254 Capaneus
552 1200 568 1238 a
579 1181 783 1240 fulminisietu:

192 1266 271 1315 notua
279 1257 364 1314 humo
374 1257 470 1315 mersis
478 1256 659 1332 Amphiaraus
670 1256 761 1332 aquis.
807 1328 809 1332 Ι

154 1335 181 1390 Si
193 1334 285 1391 minus
294 1341 416 1409 enasset,
437 1333 619 1391 notusmiuus
627 1333 825 1408 essetUlixes„

192 1424 290 1484 magna
299 1407 457 1465 Philoctetae
465 1408 577 1467 vulnere
585 1408 656 1466 fama
666 1427 717 1466 suo
726 1418 776 1467 eet.

101 1497 126 1541 aa
154 1486 182 1541 Si
193 1483 266 1541 loeus
277 1490 317 1540 est
327 1483 426 1557 aliquis
438 1491 510 1541 tanta
522 1485 592 1541 inter
601 1485 711 1541 aomina
719 1485 827 1559 parvis;

192 1577 240 1618 uos
250 1576 358 1633 quoque
368 1559 527 1633 conspicuos
538 1568 628 1617 nostra
637 1558 716 1616 ruina
725 1560 798 1618 feeit.

155 1640 208 1694 Nee
217 1644 243 1692 te
252 1634 347 1692 nesciri
358 1636 458 1709 patitur
467 1653 526 1691 mee
535 1637 648 1713 pagina3
670 1654 725 1710 qua
736 1656 790 1695 non

191 1709 367 1771 inferiuscoa
375 1710 688 1770 Battidenomenhabes.

155 1788 293 1863 Quidquid
304 1806 367 1865 ages
377 1788 468 1863 igitur,
489 1805 567 1845 saeua
577 1789 728 1862 spectabere
739 1807 838 1864 magna
849 1811 853 1841 ;

102 1877 127 1920 aa
192 1874 218 1922 et
225 1866 271 1939 pia
284 1883 338 1922 nau
348 1864 442 1937 paucis
452 1864 564 1923 testibus
577 1882 646 1922 uxor
654 1865 718 1922 eris.

156 1941 239 1998 Crede
248 1939 331 2009 mihi;
352 1939 823 2014 quotieslaudariscarminenostro,

193 2017 241 2091 qui
251 2015 315 2092 legit
324 2015 373 2072 hae
383 2015 485 2084 laudes,
506 2034 540 2072 an
553 2034 679 2083 mereare,
700 2025 790 2092 regat:

157 2103 239 2166 utque
248 2091 336 2148 favere
345 2109 403 2148 reor
412 2091 503 2164 plures
516 2092 661 2149 virtutibus
671 2093 740 2158 istis,

194 2170 233 2224 sie
242 2176 288 2225 tua
298 2186 351 2224 non
361 2185 460 2241 paucae
469 2186 576 2243 carpere
586 2167 652 2225 faeta
663 2167 763 2224 velant.

103 2257 127 2299 aa
157 2243 253 2309 Quare,
274 2253 303 2299 tu
313 2252 427 2316 praesta,
449 2264 482 2300 ne
492 2243 561 2302 livor
569 2245 656 2301 dicere
664 2244 765 2318 possit:

194 2316 259 2372 haee
267 2327 307 2374 eat
315 2337 365 2391 pra
374 2320 463 2374 miseri
475 2319 543 2376 lenta
554 2320 639 2378 salute
649 2319 700 2376 viri
711 2341 718 2375 :

156 2408 297 2463 quumque
306 2412 355 2468 ego
364 2394 496 2463 deficiam,
509 2396 663 2470 neapossim
672 2395 770 2453 ducere
778 2413 906 2466 currum,

195 2465 236 2519 iae
246 2474 275 2522 tu
284 2470 418 2525 sustineas
428 2470 515 2526 debile
524 2472 578 2528 sela
590 2473 696 2548 iugum.

153 2538 196 2596 Ad
207 2540 450 2619 medicumspaeeo,
469 2547 545 2602 venis
556 2547 733 2620 fugientibus,
755 2565 849 2622 aeger:

89 2632 116 2678 70
189 2617 289 2678 ultima
297 2638 366 2698 pars
376 2621 487 2680 animae
497 2620 565 2676 uum
574 2622 747 2683 maneam„
760 2623 838 2674 sues.

137 2699 285 2779 Quodque
294 2718 354 2778 ego
363 2706 551 2775 praestarem„
567 2689 933 2762 siumag'xs'xussuuexem
