1898 2970
256 162 465 210 FASTORUM
489 163 560 209 LIB.
580 162 623 210 IV.
779 161 811 212 83

98 258 213 316 audeat?
240 261 263 318 Α
273 263 350 319 nobis
361 264 396 319 sit
407 263 480 320 furor
489 266 538 319 iste
547 263 649 337 procul.

55 336 151 405 Quid,
172 335 244 409 quod
263 339 366 411 ubique
383 348 491 413 potens,
513 338 673 412 templisque
688 339 814 414 frequen-

558 415 632 472 tibus
642 424 728 484 aucta,

97 489 168 544 urbe
178 496 265 545 umen
277 498 366 545 nostra
377 496 419 547 ius
429 493 477 547 dea
487 493 576 547 maius
587 491 685 546 habet‘l

55 566 112 621 Pro
122 565 215 631 Troia,
236 566 364 631 Romane,
386 577 431 623 tua
440 569 532 623 Venus
542 584 617 622 arma
627 566 734 635 serebat,

97 656 187 713 quum
196 641 313 714 gemuit,
334 650 449 698 teneram
460 642 572 714 cuspide
585 642 792 714 laesamannm,
827 656 865 697 12⁰

53 716 242 789 coelestesque
253 716 321 771 duas
334 718 446 775 Troiano
459 719 548 774 iudice
561 718 639 773 vicit:

96 790 158 865 (ahl
181 791 264 846 nolim
274 792 358 848 victas
371 793 421 849 hoc
430 792 586 850 meminisse
595 793 685 865 deas3)

57 866 240 941 Assaracique
250 885 336 923 nurus
346 869 415 925 dicta
425 877 478 935 est,
500 877 530 924 ut
543 866 718 925 scilicetolim

97 960 217 1017 magnus
227 942 314 999 Iuleos
325 942 421 1000 Caesar
429 944 537 1000 haberet
546 962 621 1000 avos.

58 1018 116 1075 Nec
125 1019 222 1075 Venari
233 1027 351 1091 tempus,
372 1037 453 1094 quam
464 1037 519 1086 ver,
541 1027 596 1075 erat
606 1019 695 1092 aptius
706 1017 804 1075 ullum.
827 1032 865 1073 tes

98 1095 167 1150 Vere
177 1095 261 1149 nitent
272 1104 370 1165 terrac,
390 1113 451 1152 vere
461 1097 590 1151 remissus
601 1113 672 1171 ager.

60 1170 141 1241 Nunc
150 1169 249 1224 herbae
259 1179 336 1244 rupta
348 1171 440 1228 tellure
449 1173 588 1229 cacumina
598 1171 707 1242 tollunt;

97 1262 174 1301 nunc
183 1246 287 1301 tumido
297 1265 416 1321 gemmas
426 1249 521 1304 cortice
530 1248 632 1320 palmes
645 1248 709 1323 agit.

59 1322 94 1377 Et
103 1321 220 1378 formosa
232 1323 326 1378 Venus
335 1323 449 1380 formoso
460 1332 577 1395 tempore
588 1324 669 1398 digna
679 1332 731 1378 est:

97 1404 185 1470 utque
197 1396 278 1465 solet,
299 1399 375 1454 Marti
384 1399 536 1455 continuata
546 1416 605 1455 suo.
826 1412 865 1451 tun

61 1473 129 1529 Vere
138 1480 335 1530 monsteurvas
344 1482 461 1530 materna
472 1491 520 1546 per
530 1491 644 1546 aequora
653 1491 758 1546 puppes

97 1549 151 1604 ire:
174 1564 223 1603 nec
231 1548 357 1604 hibernas
368 1549 420 1604 iam
431 1550 553 1606 timuisse
563 1550 660 1605 minas.

60 1624 120 1680 Rite
130 1623 207 1679 deam
216 1623 306 1679 Latiae
315 1624 399 1679 colitis
414 1634 565 1698 matresque
573 1643 723 1697 nurusque,

99 1706 199 1765 ctuos,
220 1698 298 1771 queis
307 1698 387 1755 vittae
396 1699 529 1774 longaque
538 1700 620 1755 vestis
631 1701 714 1754 abest.

58 1776 151 1832 Aurea
160 1791 307 1832 marmoreo
317 1775 473 1830 redimicula
483 1775 581 1830 demite
591 1771 672 1828 collc:
826 1787 864 1829 135

99 1849 209 1926 [demite
218 1849 340 1906 divitias:
361 1858 413 1906 tota
425 1849 536 1904 lavanda
549 1849 597 1904 dea
608 1856 657 1904 est.

58 1927 149 1984 Aurea
159 1925 254 1982 siccato
267 1924 422 1982 redimicula
432 1924 531 1980 reddite
540 1923 607 1982 collo
615 1921 633 2000 ;]

98 2001 153 2057 albi
166 2018 239 2057 nunc
248 2000 334 2066 flores,
356 2018 505 2058 nuncnova
516 2000 603 2056 denda
615 2018 673 2056 rosa
683 2009 732 2056 est.

58 2079 115 2135 Vos
125 2094 234 2151 queque
243 2077 296 2134 sub
305 2076 385 2133 viridi
398 2084 485 2151 myrto
496 2076 571 2131 iubet
579 2074 624 2130 illa
635 2074 732 2144 lavari,

99 2170 264 2225 causaeque,
285 2151 447 2216 curiubeat,
468 2150 575 2216 discite,
596 2156 666 2204 certa
678 2150 780 2206 subest.
826 2161 864 2205 ltu

60 2229 161 2285 Littcre
170 2228 286 2285 siccabat
295 2234 413 2284 rorantes
424 2225 494 2281 nuda
505 2223 626 2298 capillos.

97 2304 231 2362 Viderunt
239 2303 342 2377 Satyri,
362 2302 587 2374 turbeproterva,
607 2300 694 2356 deam.

58 2381 163 2446 Sensit,
185 2387 211 2435 et
219 2381 339 2452 opposita
349 2378 415 2435 texit
423 2396 472 2434 sua
482 2394 590 2449 corpora
601 2385 698 2451 myrta.

98 2456 167 2512 Tuta
178 2454 230 2511 tuit
239 2455 320 2511 fecto:
342 2471 444 2528 vosque
457 2453 552 2509 reterre
562 2452 649 2509 iubet.

58 2532 159 2588 Discite
169 2547 250 2598 nnnc,
272 2547 354 2603 quara
361 2531 496 2590 Fortunae
507 2539 571 2590 tura
578 2529 668 2592 Virili
855 2531 904 2575 Μ

91 2607 205 2692 ‘selim’
224 2605 315 2679 genua
324 2609 378 2683 qui
386 2610 466 2670 locus
476 2611 582 2672 humet
593 2629 687 2691 aqua.

52 2677 387 2758 toeipmllolocusposfto
402 2692 556 2755 velamine
564 2701 721 2757 cunctes's

695 2777 757 2837 Fl-
