1898 2970
145 157 195 212 ³38
333 160 360 205 Ρ.
382 157 511 206 ovrmr
529 157 699 211 erasurus
758 144 763 153 '

181 261 313 318 iuvissent
322 259 415 333 alique
423 259 533 316 forsitan
548 257 616 329 illud
628 276 709 330 opus.

145 336 288 394 Plausibua
298 353 332 392 ex
343 335 411 408 ipsis
419 334 523 409 populi,
544 333 666 407 laetoque
675 333 776 403 favore,

90 426 116 470 m
182 410 323 486 ingenium
333 410 449 484 quodvie
462 408 605 466 incaluisse
614 417 716 481 potest:

145 498 254 559 tamque
263 504 313 562 ego
321 485 482 542 sumaimem
490 484 536 542 tali
546 484 663 542 elamore
673 487 804 561 vigorem,

183 580 267 635 quam
277 562 353 618 rudis
362 560 452 618 audita
464 561 541 617 miles
551 561 583 616 ad
597 579 673 618 arma
683 562 759 618 tuba.

145 639 252 696 Pectora
261 638 316 694 sint
326 636 403 694 nobie
414 637 526 693 nivibus
535 635 674 712 glacieque
684 637 782 704 licebit,
853 677 858 685 .

184 714 333 787 atquehoc‚
354 728 436 786 quam
446 712 541 784 patior,
562 711 701 787 [rigidiora
712 711 783 769 loeo:

92 802 118 846 55
148 789 193 845 illa
205 788 383 854 duciafaciea,
403 787 432 844 in
442 805 526 844 curru
536 787 632 844 stantia
641 788 755 856 eburno,
819 839 821 842 ,

185 872 317 920 excuteret
326 862 414 938 frigus
423 864 550 920 sensibus
558 880 639 920 omne
647 863 725 920 meis.
759 866 766 883 ‘

148 942 195 996 flia
205 958 253 1015 ego
262 937 390 1006 defectus,
410 938 556 1012 dubiisque
565 939 719 996 auctoribus
729 957 815 1006 usum

184 1016 218 1072 ad
229 1015 309 1071 vestri
320 1015 399 1072 venio
411 1015 469 1072 iure
481 1013 581 1072 favoris
589 1032 679 1088 opem.

148 1093 202 1148 Nec
213 1091 279 1146 mihi
292 1099 352 1148 nota
361 1089 473 1159 dueum,
494 1107 543 1147 nee
552 1098 617 1147 suut
629 1090 698 1146 mihi
706 1098 769 1148 nota
780 1089 898 1147 loeorum

94 1175 120 1222 to
186 1168 310 1222 nomina:
331 1166 534 1223 materiamnon
547 1166 664 1223 habuere
674 1183 784 1223 manus.

148 1244 212 1299 Pars
224 1251 305 1316 quota
315 1241 348 1298 de
356 1241 438 1299 tantia
446 1243 537 1310 rebus,
557 1260 641 1316 quam
651 1241 734 1299 Fama
744 1241 849 1308 referre,

185 1317 340 1390 autaliquia
350 1317 429 1375 nobie
442 1318 557 1375 seribere
565 1328 669 1391 posset,
691 1317 764 1375 erat?

148 1393 313 1467 Quomagia‚
334 1392 450 1460 elector,
471 1393 551 1450 debes
561 1394 707 1470 ignoscere,
727 1394 751 1449 si
763 1393 829 1468 quid

186 1477 302 1525 erratum
312 1466 427 1534 estillic,
447 1471 654 1541 praeteritumve
663 1469 741 1525 mihi.

95 1554 120 1601 45
148 1544 233 1613 Adde,
252 1542 340 1616 quod,
360 1542 858 1619 assiduedominimeditataquereias‚

187 1619 220 1676 ad
233 1619 331 1676 laetum
341 1636 449 1675 carmen
459 1619 506 1676 vix
515 1637 574 1676 mea
584 1639 661 1677 versa
674 1621 731 1696 lyra
741 1628 791 1677 est.

151 1696 202 1753 Vix
214 1697 283 1754 bona
292 1702 353 1770 post
362 1704 435 1753 tauto
443 1696 582 1769 quaerenti
593 1697 673 1755 verba
684 1697 827 1753 subibant:

117 1820 120 1826 ,
186 1779 213 1828 et
223 1772 339 1848 gaudere
348 1771 461 1846 aliquid,
482 1790 523 1828 ras
533 1772 600 1827 mihi
612 1772 810 1830 visanovaeat.

150 1849 237 1922 thue
246 1847 419 1905 reformidant
427 1850 563 1904 insuetum
573 1846 676 1905 lumina
686 1848 784 1915 Solem,

96 1935 120 1977 55
187 1925 226 1979 sic
237 1924 271 1979 ad
281 1923 407 1981 laetitiam
417 1941 494 1980 mene
507 1942 565 1980 mea
575 1924 666 1999 segnia
676 1933 740 1980 erat.

149 2000 198 2056 Est
206 2017 315 2074 quoque
324 2007 481 2057 cunctarum
494 2000 597 2058 novitas
607 1998 772 2056 calidissima
783 2017 888 2055 rerum:

187 2078 326 2151 gratiaque
335 2074 433 2143 officio,
454 2075 527 2150 quod
537 2093 611 2132 mora
625 2075 719 2142 tardat,
741 2075 823 2130 abeat.

151 2150 256 2207 Caetera
266 2151 384 2208 certatim
393 2151 427 2208 de
435 2169 533 2227 magno
542 2151 639 2224 scripta
650 2151 788 2222 triumpho

188 2225 356 2299 iampridem
366 2227 458 2300 populi
469 2228 591 2299 suspicor
600 2243 645 2283 ore
654 2225 717 2300 legi.

98 2311 122 2352 55
151 2297 199 2353 llla
209 2300 278 2358 bibit
287 2304 380 2358 sitiens
390 2303 478 2369 lector,
499 2321 558 2357 mea
567 2299 662 2376 pocula
672 2300 784 2373 planus:

188 2373 234 2428 illa
247 2394 338 2434 recens
348 2386 408 2451 pota
415 2386 464 2446 est,
485 2387 574 2434 nostra
585 2379 693 2451 tepescit
704 2394 785 2451 aqua.

151 2448 210 2505 Non
220 2466 269 2523 ego
277 2455 388 2520 cessari,
410 2472 458 2511 nee
468 2452 529 2509 feeit
537 2455 632 2510 inertia
641 2471 748 2510 serum:

189 2522 284 2579 ultima
294 2544 338 2584 me
347 2531 415 2586 vasti
424 2530 538 2586 sustinet
547 2547 593 2585 ora
603 2528 672 2586 freti.

151 2599 222 2655 Dum
232 2604 306 2656 venit
314 2601 368 2657 huc
377 2623 479 2672 rumor,
489 2613 681 2678 properataque
691 2603 810 2660 carmina
820 2602 899 2669 fiunt,

97 2681 124 2727 tt
190 2673 311 2749 iactaque
319 2685 384 2734 eunt
393 2679 427 2736 ad
437 2698 495 2748 vos,
516 2697 604 2738 annus
615 2681 704 2738 abisse
713 2686 810 2754 potest.

185 2906 302 2938 A
