1898 2970
200 156 393 207 Tmsrlvu
411 160 484 207 LIB.
503 160 537 209 V.
557 164 612 209 BL.
634 162 703 210 tut.
772 162 822 212 ”263

69 277 119 319 nac
128 260 230 315 metuis
240 260 323 316 dubio
333 261 466 317 Fortunae
476 263 571 317 stantis
582 265 610 319 in
621 266 683 320 orbe

109 354 224 401 numen,
245 344 271 390 et
279 353 374 393 exosae
384 339 464 392 verba
475 340 591 410 superba
601 340 682 395 deant>

69 413 169 486 Exiget
178 421 205 466 at
213 412 309 485 dignas
320 412 402 467 ultrix
412 414 579 468 Rhamnusia
592 433 700 486 poenas,

109 488 237 560 imposito
246 487 331 541 calcas
341 488 414 561 quod
425 507 483 544 mea
496 490 548 544 tata
558 491 633 561 pede.
853 509 877 548 in

68 563 134 619 Vidi
145 580 195 637 ego
204 560 439 637 naufragiumque,
448 566 519 621 viros
529 574 555 620 et
565 566 592 620 in
605 584 719 637 aequore
732 572 829 639 nar-rui:

108 646 146 705 et,
166 640 323 711 Nunquam,
343 639 411 704 dixi,
434 641 528 696 iustior
539 642 611 696 unda
622 640 682 695 tuit.

70 714 144 769 vitia
154 714 202 786 qui
215 714 351 787 quondam
362 716 468 770 miseris
479 717 604 772 alimenta
616 728 733 791 negarat,

111 807 186 845 nunc
196 790 343 845 mendicato
353 790 472 863 pascitur
485 791 530 847 ille
539 794 608 848 cibo.

71 865 203 921 Passibus
212 865 347 939 ambiguis
357 868 476 923 Fortuna
486 866 613 923 volubilis
627 879 704 933 errat,
853 885 877 923 ι’,

109 948 137 994 et
146 948 236 995 manet
245 941 272 996 in
283 940 358 998 nullo
366 950 435 997 nerta
446 951 577 1015 tenaxque
591 944 659 999 loco:

71 1016 120 1071 sed
131 1015 211 1072 modo
222 1015 286 1071 laeta
298 1026 397 1083 manet,
418 1018 511 1074 tultus
521 1019 600 1073 nando
610 1021 694 1073 sumit
703 1020 810 1073 arentin<
821 1066 824 1071 .

109 1099 137 1146 et
145 1099 248 1148 tantum
259 1101 384 1149 onustans
395 1094 423 1149 in
434 1093 538 1148 levitate
548 1112 597 1148 sua
608 1104 657 1149 est.

70 1168 128 1223 Nos
136 1185 245 1240 quoque
254 1166 404 1233 floruimus,
426 1170 473 1223 sed
485 1168 532 1225 flos
544 1169 594 1225 tuit
604 1169 648 1224 ille
661 1170 791 1224 caducus.

110 1241 272 1316 flammaque
281 1243 315 1299 de
325 1243 424 1316 stipula
435 1253 539 1309 nostra,
560 1246 704 1316 brevisque
714 1245 774 1300 fuit.
853 1262 878 1299 ·.·υ

70 1319 146 1375 Neve
156 1326 243 1374 tamen
256 1327 306 1374 tnta
316 1322 407 1393 capias
417 1319 471 1375 sera
482 1320 580 1393 gaudia
592 1330 693 1387 mentm

110 1411 166 1450 non
175 1402 216 1449 est
223 1392 345 1466 placandi
356 1413 419 1468 spes
429 1395 496 1450 mihi
510 1394 582 1450 nulla
593 1395 650 1462 dei;

70 1468 115 1527 vel
125 1469 190 1542 quia
200 1470 307 1541 pensavi
317 1471 382 1526 nitra
392 1470 496 1537 scelus3
519 1480 601 1544 utque
610 1472 712 1543 pudore

109 1562 165 1601 nnn
175 1553 254 1611 caret,
275 1546 376 1602 invidia
386 1548 426 1601 sic
438 1564 497 1602 mea
507 1546 585 1618 eulpa
597 1556 682 1602 caret:

69 1620 114 1677 vel
124 1620 190 1694 quia
203 1620 241 1675 nil
253 1620 348 1696 ingens
359 1623 392 1677 ad
403 1622 483 1678 finem
494 1623 559 1679 solis
570 1621 673 1677 abortu

109 1695 168 1763 illo,
187 1696 232 1751 nui
242 1706 326 1768 paret,
347 1698 440 1752 mitius
450 1699 522 1754 orbis
533 1699 622 1753 habet.

68 1770 177 1829 Scssicet
186 1780 217 1827 ut
224 1789 273 1845 per
282 1775 337 1827 vim
348 1792 400 1828 non
414 1782 454 1828 est
462 1771 622 1845 superabilis
634 1770 691 1833 ulli,

109 1846 191 1903 molle
200 1865 246 1903 nor
255 1848 289 1903 ad
299 1848 407 1904 timidas
416 1849 456 1904 sic-
466 1849 546 1903 habet
556 1846 600 1900 ille
609 1863 710 1917 preces.

70 1921 269 1999 [Exemploque
281 1923 372 1989 deum,
388 1925 490 1997 quibus
503 1939 659 1977 accessurus
670 1929 694 1975 et
707 1922 762 1991 ipse
773 1929 821 1983 est,

109 2016 172 2053 cum
182 2016 283 2071 poenae
292 2000 369 2055 venia
381 1999 457 2072 plura
468 1998 584 2073 roganda
595 2008 693 2070 petam.
854 2012 878 2047 :u

70 2073 100 2128 Si
111 2092 237 2131 numeres
247 2093 318 2131 anno
328 2075 401 2131 Soles
412 2084 438 2129 et
448 2075 540 2130 nubila
553 2083 615 2140 tnta,

111 2149 233 2206 invenies
243 2150 359 2206 nitidum
369 2151 476 2223 saepius
490 2153 543 2205 isse
552 2148 645 2223 diem]

71 2225 153 2299 Ergo,
175 2243 209 2281 ne
218 2225 333 2281 nimium
345 2235 433 2283 nostra
445 2225 538 2281 laetere
548 2225 636 2287 ruina,

110 2301 214 2356 restitui
225 2301 361 2374 quondam
373 2320 416 2357 me
425 2318 534 2374 qunque
543 2316 621 2372 posse
632 2306 706 2369 puta.

69 2376 153 2431 Posse
162 2377 304 2449 putafieri‚
325 2375 406 2432 lenito
417 2377 547 2448 principe,
569 2373 661 2428 vultus

109 2459 141 2505 ut
150 2450 338 2507 videasmedia
348 2452 431 2507 tristis
442 2452 469 2506 in
482 2452 551 2506 Urbe
564 2467 650 2504 meos:

69 2533 157 2600 utque
166 2544 216 2601 ego
225 2535 250 2582 te
259 2527 365 2583 videam
375 2544 470 2582 caussa
480 2526 602 2599 graviora
612 2524 745 2599 iugatum.

108 2600 182 2658 unae
189 2609 255 2658 sunt
265 2620 281 2656 a
286 2602 387 2675 primis
394 2603 521 2676 proxima
531 2609 593 2661 vota
601 2600 685 2659 mini.
