1898 2970
88 189 139 244 act
211 171 218 184 “
276 194 306 238 r.
328 190 641 240 ovina-nescius

89 296 176 370 Taqn
231 292 413 362 stactimces3
433 300 469 361 et,
484 308 554 366 quas
563 292 613 349 tibi
624 293 691 351 laeta
702 293 834 362 ridentur,

126 369 191 426 dum
267 369 330 436 aris,
352 369 408 425 iieri
420 369 503 425 tristia
512 386 591 442 pesse
600 377 676 441 puta.

286 582 550 641 EPISTOLA
580 584 641 639 lv.

176 704 232 747 an
269 701 460 748 ssxnun
490 701 749 749 rnnrsrnn.

92 807 177 873 Nulla
188 816 246 872 dias
255 815 320 872 adeo
331 822 372 871 est
380 813 543 871 australibus
553 813 665 870 humida
676 817 788 885 nimbis,

129 911 182 949 non
193 891 352 948 intermissis
361 899 392 945 ut
400 889 466 947 fluat
474 889 561 945 imber
568 890 662 963 aquis:

93 985 141 1024 nec
151 967 248 1023 sterilis
258 966 332 1023 locus
341 964 415 1022 ullus
425 965 461 1021 ita
470 972 520 1032 est,
540 972 635 1022 utnon
645 965 719 1023 sitin
729 966 776 1026 iiic

129 1044 208 1099 mista
220 1041 272 1098 isrc
280 1041 358 1097 duris
367 1040 442 1097 utilis
452 1040 534 1097 herba
543 1040 635 1097 rubis:

38 1133 50 1174 s
93 1117 205 1175 niiaden
213 1118 330 1174 Fortuna
387 1117 431 1173 vis
439 1115 591 1173 miserabile
601 1115 672 1183 facit¹

131 1201 161 1250 ut
171 1193 295 1250 minuant
305 1210 342 1249 nn
355 1192 379 1248 la
388 1191 486 1268 gandia
496 1200 570 1264 perte
579 1191 696 1251 malum.

92 1270 167 1335 Ecce,
182 1269 262 1326 domo
272 1268 411 1342 patriaque
419 1282 511 1324 carens
520 1266 660 1341 oculisque
669 1287 800 1339 meorum.

131 1342 277 1418 naufragus
288 1345 317 1401 in
326 1344 410 1402 Getici
421 1343 516 1401 litteris
528 1351 603 1400 actus
618 1361 719 1417 aquas,

93 1437 146 1492 qua
156 1425 244 1473 tamen
255 1419 346 1475 inveni
356 1418 463 1476 vultum
472 1418 620 1476 diffundere
634 1437 728 1477 caussa

40 1509 65 1550 ιο
131 1511 246 1567 possem,
269 1495 401 1550 Fortunae
412 1512 460 1549 nec
472 1495 628 1551 meminisse
637 1514 722 1553 meae.

94 1572 162 1625 Nam
172 1569 250 1629 mihi,
270 1587 357 1641 quum
366 1568 439 1624 fulva
450 1570 533 1624 tristis
546 1571 674 1644 spatiarer
682 1590 771 1640 arena.

132 1646 189 1701 visa
200 1653 238 1701 est
249 1663 263 1700 a
274 1653 347 1719 tergo
356 1662 444 1718 penna
454 1644 559 1700 dedisse
567 1664 675 1704 sonum.

98 1722 228 1794 Respicio:
244 1739 331 1794 neque
340 1728 395 1777 crat
404 1721 590 1794 corpus,qnod
600 1739 706 1779 cernere
719 1742 839 1796 possem:

132 1799 211 1853 verba
222 1806 310 1853 tamen
319 1804 384 1853 sunt
391 1796 456 1853 haec
465 1815 529 1853 aure
538 1805 641 1869 recepta
651 1817 724 1854 mea:

42 1886 66 1928 t5
94 1875 136 1930 En
147 1892 195 1948 ego
204 1873 333 1929 laetarum
342 1874 422 1929 venio
433 1874 479 1928 tibi
491 1874 585 1929 nuntia
597 1892 696 1940 rerum,

133 1952 215 2004 Fama
224 1967 272 2020 per
280 1951 427 2005 immensas
439 1952 498 2004 aere
508 1949 581 2021 lapsa
594 1949 662 2004 vias.

96 2025 211 2082 Consule
224 2026 359 2097 Pompeio,
379 2041 434 2097 quc
445 2043 497 2080 non
508 2025 556 2081 tibi
566 2025 651 2081 carior
660 2025 735 2093 alter,

132 2100 264 2157 candidus
274 2109 298 2154 et
307 2099 371 2155 felix
380 2101 521 2171 proximus
531 2118 619 2156 annus
632 2101 691 2156 erit.

96 2178 180 2233 Dixit:
202 2184 236 2241 et,
257 2176 364 2232 utlaeto
372 2176 487 2231 Pontum
496 2195 602 2231 rumore
616 2176 737 2249 replevit,

41 2264 67 2306 tc
132 2252 266 2324 adgentes
277 2252 343 2306 alias
353 2250 416 2306 hinc
426 2252 473 2306 dea
485 2253 562 2307 vertit
571 2253 629 2307 iter.

95 2326 129 2379 Ar
139 2326 216 2390 mihi,
238 2326 348 2399 dilapsis
358 2327 427 2381 inter
436 2344 504 2382 nova
513 2328 611 2403 gaudia
620 2327 702 2395 curis

133 2400 230 2454 excidit
244 2403 371 2474 asperitas
381 2400 464 2457 huius
475 2403 569 2476 iniqua
579 2403 638 2459 loci.

96 2475 166 2547 Ergo
175 2475 233 2539 ubi,
255 2478 315 2532 lane
326 2479 425 2549 biceps,
442 2477 552 2552 longum
562 2480 720 2536 reseraveris
730 2499 843 2546 annum.

133 2547 229 2622 pulsus
239 2559 264 2604 et
274 2570 288 2605 a
300 2570 374 2608 sacro
383 2570 475 2608 mense
486 2555 629 2610 December
639 2556 702 2627 erit;

28 2639 58 2683 25
73 2668 75 2672 ψ
79 2645 209 2705 purpura
220 2628 386 2707 Pompeium
395 2629 501 2688 summi
510 2628 745 2698 reminisceris,

116 2729 152 2769 ne
163 2709 254 2772 titulis
266 2711 434 2791 quidquam
442 2703 600 2766 debeatiiis
610 2705 685 2758 snas.

116 2914 185 2930 a*
