1898 2970
177 176 230 225 Ex
248 174 382 224 PONTO
401 176 456 223 EF.
476 176 546 223 LIB.
560 177 592 224 Π.
615 173 672 223 ΕΡ.
690 173 715 225 3.
769 170 817 224 307

106 281 192 336 instar
201 287 227 335 et
236 278 306 334 hane
317 277 399 333 vitam
409 279 502 333 mortis
512 277 609 333 hebere
618 287 692 350 puta.

70 356 219 412 Pirithoum
231 353 349 410 Theseus
359 353 465 429 Stygias
475 354 611 409 comitavit
621 355 654 408 ad
665 354 767 410 undas:

107 451 123 487 a
134 431 236 506 Stygiis
245 438 377 503 quantum
391 447 448 485 sors
459 447 516 484 mee
527 429 608 483 distat
620 430 713 501 aquisi

70 507 164 564 Adfuit
174 508 268 562 insane
281 506 387 561 iuvenis
396 505 517 560 Phoceus
527 503 643 560 Orestae.
847 514 873 561 45

108 585 142 638 Et
152 600 210 637 mea
222 600 274 637 non
285 581 430 636 minimum
440 580 519 653 culpa
531 579 628 635 fureris
639 579 727 636 habet.

71 661 111 714 Tu
123 675 232 731 quoque
242 674 401 731 magnorum
411 655 504 712 laudes
515 656 624 712 admitte
633 655 766 725 virorum3

109 743 194 806 utque
203 731 277 798 sacis,
299 732 382 804 lapso,
402 750 486 805 quam
496 741 579 805 potes,
601 731 664 786 affer
672 749 760 804 opem.

72 810 99 866 Si
110 811 180 865 hene
189 815 214 862 te
224 808 301 878 novi;
321 809 359 874 si,
380 809 429 881 qui
440 809 516 881 prius
527 825 585 863 esse
596 807 709 873 solebas,

111 901 184 940 nunc
194 899 303 956 quoque
311 900 350 949 es,
370 891 451 958 atque
461 884 545 940 animi
559 902 612 939 non
622 883 738 938 cecidere
747 884 802 952 tui3
850 897 874 940 50

74 977 129 1034 quo
138 959 245 1016 fortuna
254 959 342 1032 magis
351 959 444 1025 saevit,
465 978 509 1015 ma
529 961 553 1014 is
565 961 621 1032 ipse
631 959 742 1025 resistis,

109 1045 194 1108 utque
204 1034 286 1100 decet,
308 977 550 1100 netevieeritilfm
571 1052 659 1091 caves.

71 1114 106 1169 Et
115 1113 183 1167 bene
193 1111 233 1166 uti
242 1127 362 1185 pugnes,
382 1111 450 1166 hene
462 1109 780 1186 pugnansesficithostis.

109 1186 154 1242 Sic
163 1186 254 1242 eadem
262 1186 372 1260 prodest
380 1204 485 1254 caussa,
506 1194 635 1260 nocetque
644 1185 722 1241 mihi.

71 1262 178 1319 Scilicet
186 1262 339 1338 indignum,
360 1262 467 1318 iuvenis
477 1262 626 1329 rarissime,
647 1262 733 1328 ducis,
849 1276 874 1318 55

109 1349 135 1394 te
146 1339 203 1394 fieri
213 1339 336 1395 comitem
345 1339 440 1394 stantis
453 1340 482 1394 in
492 1339 555 1395 orbe
565 1338 637 1405 deae.

72 1416 183 1472 Firmus
196 1431 241 1484 es;
260 1422 287 1470 et
298 1414 428 1488 quoniam
438 1433 493 1471 non
502 1423 567 1470 sunt
576 1433 616 1482 ea,
637 1415 727 1488 qualia
741 1414 830 1481 velles¹

109 1490 168 1548 vela
179 1490 249 1566 regis
258 1508 372 1564 quassae
384 1490 582 1564 qualiacunque
593 1493 671 1548 ratis:

73 1585 198 1642 quaeque
207 1568 242 1622 ita
253 1585 381 1623 concussa
392 1576 441 1634 est,
461 1576 493 1623 ut
504 1568 556 1622 iam
568 1585 662 1623 casura
672 1575 788 1640 putetur,

110 1651 191 1699 restat
200 1642 287 1698 adhuc
296 1643 416 1698 humeris
425 1642 492 1699 fulta
502 1644 580 1701 ruina
590 1652 654 1698 turs.
850 1653 875 1697 tu

73 1721 115 1775 Ira
125 1718 234 1793 quidem
247 1718 481 1790 primoiuerattua
491 1719 575 1783 iusta,
596 1719 712 1789 necipso

111 1795 205 1861 lenior,
226 1793 343 1850 offensus
352 1795 401 1868 qui
411 1794 479 1849 mihi
490 1794 548 1848 iure
557 1792 623 1850 tuit:
765 1851 777 1885 ,

73 1873 178 1945 quique
191 1870 265 1926 dolor
273 1877 365 1942 pectus
375 1869 504 1944 tetigisset
515 1868 634 1925 Caesaris
649 1868 704 1930 alti,

112 1946 193 2002 ilium
202 1946 310 2002 iurabas
318 1946 441 2019 protinus
450 1963 508 2000 esse
518 1953 605 2001 tuum.

74 2023 110 2078 Ut
122 2030 210 2078 tamen
220 2021 310 2077 audita
320 2030 360 2078 est
370 2031 474 2078 nostrae
483 2022 532 2077 tibi
542 2019 626 2078 cladis
636 2021 725 2094 origo:
852 2034 876 2077 ts

114 2097 210 2154 diceris
220 2099 312 2154 erratis
323 2098 489 2173 ingemuisse
501 2099 578 2154 meis.

77 2175 154 2230 Tunc
163 2181 208 2230 tua
219 2191 262 2230 me
270 2173 389 2246 primum
401 2174 480 2230 solari
491 2173 564 2229 litera
575 2173 674 2245 eoepit,

114 2259 141 2306 et
149 2249 252 2306 laesum
260 2248 328 2306 flecti
338 2267 414 2323 spem
424 2250 486 2306 dare
495 2267 574 2323 posse
583 2250 674 2305 deum.

76 2327 162 2382 Movit
171 2325 301 2382 amicitiae
310 2333 369 2381 tum
379 2333 404 2381 te
414 2326 560 2383 constantia
572 2324 676 2400 longae,

115 2409 176 2457 ante
184 2409 245 2458 tuos
254 2408 328 2458 ortus
338 2419 407 2474 quae
416 2401 484 2457 mihi
495 2409 585 2473 coepta
595 2400 660 2470 tuit;
852 2415 877 2457 ru

75 2485 102 2532 et
112 2477 253 2551 quoderas
263 2477 323 2533 aliis
333 2476 427 2546 factus,
448 2476 515 2532 mihi
526 2485 605 2534 natus
615 2477 733 2533 amicus:

115 2553 242 2626 quodque
251 2553 299 2608 tibi
311 2554 339 2609 in
348 2554 425 2609 cunis
438 2551 529 2610 oscula
541 2554 633 2630 prima
641 2552 725 2622 ueta„

75 2629 160 2701 qaod,
173 2646 258 2701 quum
276 2636 362 2688 restra
378 2629 481 2691 domus
494 2633 601 2693 terreris
610 2631 814 2698 mtuesemser
825 2624 865 2674 ὼ

636 2707 730 2770 suuis

712 2789 781 2847 Ψ).
