1898 2970
257 146 468 196 PASTORUM
486 150 557 198 LIB.
575 148 608 196 11.
773 144 800 196 11

58 245 208 317 Esthonor
216 254 241 304 et
250 250 377 317 tumulis,
398 250 756 325 enimesplecarepeternes,

96 342 233 398 parvaque
242 325 271 380 15
280 326 408 381 extinctas
418 344 530 383 munere
538 325 605 382 serre
613 345 702 402 pyrae.

57 405 144 456 Parve
154 408 247 473 petunt
256 401 361 457 Manes:
382 402 466 472 pietas
474 419 525 475 pro
534 402 615 458 divite
623 411 695 477 grate
706 409 745 456 est
759 467 761 470 ⁴
821 412 859 454 555

97 493 222 546 5555555,
243 493 295 532 non
307 475 399 532 avidos
408 476 475 552 Styx
485 478 565 532 habet
574 478 628 532 ime
637 479 709 534 dees.

59 551 161 626 Tegula
170 551 298 624 porrectis
307 552 371 606 eatis
383 559 424 607 est
434 551 519 607 velate
531 553 650 608 coronis:

97 635 123 681 et
132 643 240 698 sparsae
250 625 354 700 fruges,
373 643 510 699 parvaque
519 627 588 683 mica
597 624 676 682 selis:

59 705 145 775 inque
155 700 338 756 meromellita
350 701 442 769 Ceres,
464 701 603 776 violaeque
613 701 724 758 solutae.

97 778 168 832 Haec
177 775 272 831 hebeat
281 777 368 832 media
377 784 442 833 teste
453 787 555 850 reperta
563 779 618 833 via.
823 784 861 830 515

60 854 115 908 Nec
125 851 225 906 meiere
236 859 309 907 veto:
331 851 378 906 sed
387 860 414 907 et
423 853 466 907 his
476 853 616 924 placabilis
626 852 722 907 umbre
732 860 781 905 est.

98 926 173 982 Adde
182 943 288 999 preces,
309 927 404 997 positis
413 935 439 982 et
448 928 492 999 pie
502 929 583 982 verbe
594 927 669 983 iocis.

61 1005 139 1059 Hunc
148 1018 251 1058 merem
260 1002 377 1068 Aeneas,
397 1002 501 1074 pietatis
512 1003 622 1058 idoneus
632 1009 732 1069 auctor,

98 1076 187 1133 attulit
197 1077 224 1132 in
235 1085 330 1144 terres,
350 1076 420 1133 iuste
428 1078 535 1144 Latine,
555 1086 624 1135 tuas.

61 1151 637 1226 1115551515(155155511555155155515551551;
824 1158 861 1204 545

99 1228 165 1284 hinc
173 1228 266 1301 populi
277 1229 343 1283 ritus
353 1228 482 1284 edidicere
492 1246 585 1285 nevos.

61 1302 255 1376 Atquondem,
277 1303 343 1358 dum
354 1303 432 1377 longe
442 1311 539 1378 gerunt
547 1302 715 1378 pugnacibus
725 1301 808 1357 ermis

97 1378 183 1445 helle,
203 1377 350 1449 parentales
360 1377 498 1433 deseruere
509 1379 576 1434 dies.

62 1457 122 1512 Non
132 1454 245 1527 impune
254 1451 319 1509 fuit:
341 1470 404 1509 nem
413 1453 715 1510 dicituromineabisto

99 1532 184 1587 Rome
193 1528 357 1584 suburbanis
366 1528 511 1585 incaluisse
520 1530 602 1604 regis.
825 1537 863 1578 550

61 1607 115 1665 Vix
125 1605 250 1678 equidem
258 1604 350 1660 erede:
371 1605 458 1661 bustis
469 1605 557 1660 exisse
565 1605 697 1669 feruntur,

99 1688 126 1736 et
135 1680 228 1736 tacitae
236 1680 324 1753 questi
335 1688 452 1753 tempere
464 1682 548 1736 nectis
559 1681 613 1736 evi.

60 1760 166 1828 Perque
174 1755 232 1811 5155
242 1755 318 1812 urbis
328 1755 448 1828 latosque
457 1755 577 1810 ululasse
587 1771 635 1827 per
645 1769 723 1827 egres

98 1829 357 1896 deformeeenimee,
378 1830 478 1904 vulgus
487 1829 580 1896 inane,
600 1828 699 1885 ierunt.

60 1910 127 1964 Post
136 1923 164 1961 ee
173 1906 305 1979 praeteriti
316 1904 428 1961 tumulis
438 1905 586 1962 redduntur
596 1905 723 1973 henoree;
824 1913 863 1954 555

99 1981 285 2057 prodigiisque
293 1980 368 2038 venit
376 1980 570 2055 funeribusque
580 1981 687 2038 modun.

60 2061 133 2114 Dum
144 2064 232 2113 temen
244 2057 310 2112 haec
318 2057 396 2123 fient,
416 2057 515 2112 viduae
523 2064 623 2113 cessete
631 2053 749 2129 puellae:

100 2139 233 2205 exspectet
241 2149 323 2205 puros
333 2131 412 2204 pinea
422 2131 496 2186 taeda
506 2132 574 2187 dies.

61 2210 117 2265 Nec
128 2207 191 2275 tibi,
212 2224 282 2280 quae
290 2206 403 2280 cupidae
413 2214 516 2262 matura
525 2206 650 2262 videbere
658 2205 746 2269 metri,

101 2292 189 2340 comet
197 2283 333 2358 virgineas
342 2283 419 2339 haste
428 2299 539 2339 recurva
548 2299 649 2338 cemes.
825 2290 863 2332 550

61 2359 237 2426 Condetues,
256 2359 421 2434 Hymenaee,
443 2357 526 2425 iaces,
548 2354 809 2431 etebignibusntris

101 2433 191 2504 euier3
212 2435 312 2490 hebent
321 2433 387 2491 elien
395 2441 496 2490 moeste
506 2431 650 2508 sepulchre
659 2431 748 2488 iecee.

61 2513 94 2568 Dt
104 2527 215 2584 quoque
223 2508 381 2584 temptorum
393 2508 499 2570 foribus
510 2510 636 2572 celentur
645 2505 773 2586 eneruez

96 2592 336 2672 mreqecentrree,
358 2597 491 2671 stentque
501 2592 567 2653 sine
576 2593 650 2674 igne
658 2587 734 2649 ieci.
831 2648 838 2657 ⁸
928 2639 940 2664 2

44 2659 362 2740 Nuncnnnncotenues,
382 2673 675 2752 mmmmm
684 2654 867 2739 §repetentis
894 2643 940 2686 55.
