1898 2970
140 164 173 211 lill
340 160 364 204 l’.
387 158 512 205 ovum
531 158 703 205 Nessonis

141 268 197 321 Sub
209 266 269 319 lova
278 280 340 333 pars
349 259 442 317 durat:
462 261 541 333 pauci
551 260 662 315 tentoria
671 270 797 333 ponunt:

178 348 256 403 sunt,
277 337 403 409 quibuse
416 338 497 391 ramis
506 334 614 391 frondea
624 334 693 391 lacta
703 346 829 395 esseest

142 420 205 471 Pars
216 412 268 468 sibi
279 429 328 484 pro
338 411 432 485 rigidis
441 410 558 467 calamos
566 418 683 467 statuere
692 412 844 471 columnis:

88 508 128 549 530
179 491 294 559 desuper
303 496 422 543 extentas
432 488 470 541 im
512 504 584 543 ·uers
593 494 679 561 lagu.
842 500 847 511 ·

142 566 201 621 Sole
212 572 299 619 aanren
310 564 428 636 vinoque
436 504 536 617 caiiolz
557 578 699 635 annaque
708 574 861 635 precantur.

179 647 246 712 quot
255 648 368 694 sumunt
376 638 501 712 cyatlros3
522 636 556 691 arl
566 654 771 711 numerumque
780 642 871 699 bibuar

146 716 265 771 Invenies
276 714 340 779 illic,
361 714 410 785 qui
424 712 542 768 Nestoris
551 712 753 769 ebibatanaes:

181 808 250 864 quae
259 792 295 845 sit
303 808 350 863 per
360 787 454 843 calices
464 786 529 841 farra
539 786 641 861 Sibylla
651 804 729 843 suos.

90 882 128 923 535
144 866 200 921 lllic
209 872 360 929 errantum,
380 861 516 935 quidquid
525 862 641 917 ‹lidioera
653 862 783 935 theatris3

181 952 206 998 et
217 942 314 997 iactant
322 938 413 995 faciles
422 938 456 993 ad
464 954 514 993 sua
525 936 609 993 verba
615 954 730 993 mnus:

144 1027 169 1074 et
179 1019 281 1074 ducunt
294 1017 387 1073 laneas
397 1014 483 1087 posita
493 1021 592 1069 cratera
600 1012 721 1081 chereas,

181 1057 703 1163 cultaquedillusissallatamicaoomis.

145 1170 236 1234 Quum
245 1166 366 1229 redeunt,
388 1164 513 1230 titubant,
533 1165 889 1245 aasunrspoeacuravulgi.

91 1252 129 1299 lle
181 1250 207 1297 et
216 1242 362 1299 fortunatos
371 1238 450 1294 obvia
460 1238 538 1293 turba
550 1246 636 1297 voest.

145 1316 254 1373 (acutri
264 1330 363 1387 nuper:
385 1314 443 1369 visa
452 1321 492 1371 est
501 1314 569 1369 mihi
578 1314 660 1389 digna
670 1312 758 1373 telum

183 1410 294 1465 pompa:
316 1407 407 1446 senem
420 1399 512 1462 potum
522 1398 584 1463 pola
593 1388 713 1445 trahebat
724 1408 809 1449 anus.

146 1470 219 1539 Quae
230 1478 316 1524 lamen
327 1467 391 1521 haec
400 1465 449 1520 dea
458 1466 502 1532 sit,
510 1465 639 1539 quoniam
648 1468 808 1527 rumoribus
818 1478 894 1533 arnt.

185 1542 273 1598 lalrula
283 1541 418 1614 proposito
428 1540 503 1596 nulla
515 1540 623 1597 mcenda
633 1558 693 1595 meo
702 1550 753 1599 ast.

92 1632 130 1679 lla
147 1620 252 1677 eliserat
262 1619 365 1673 Aeneae
375 1615 442 1672 Dido
452 1615 612 1671 miserabilis
622 1619 698 1690 igne:

184 1703 283 1752 arserat
292 1694 419 1751 extructis
430 1692 459 1748 in
469 1710 518 1747 sua
529 1691 581 1747 fata
591 1691 676 1765 rogis.

146 1769 448 1845 eonrpositusquscinis,
456 1767 609 1840 tumulique
617 1768 895 1839 inmarmorecarmaa

185 1850 234 1903 hoc
243 1850 333 1912 breve,
354 1846 428 1919 quod
436 1862 553 1900 moriens
563 1844 621 1916 ipsa
631 1842 750 1915 reliquit,
771 1854 844 1905 erat:

149 1928 269 1977 Praebuit
278 1922 377 1975 Aeneas
386 1930 409 1973 et
421 1938 540 1974 caussam
550 1925 640 1974 mortis
650 1928 674 1973 el
683 1936 783 1975 ensem:

94 2012 132 2055 55⁰
184 2003 242 2065 ipsa
251 2012 301 2049 aaa
309 1995 377 2047 Dido
389 1998 501 2046 concidit
510 2012 559 2049 asa
568 2014 657 2050 manu.

148 2072 272 2127 Protinus
282 2067 415 2125 invadunt
424 2067 556 2123 Numidae
565 2071 624 2125 sine
632 2068 739 2125 vindica
747 2084 880 2147 regnum,

185 2155 211 2201 et
220 2148 320 2218 potitur
330 2152 407 2218 capla
416 2144 527 2201 Maurus
537 2145 612 2200 larba
625 2145 718 2201 domo:

148 2241 231 2295 seque
245 2240 347 2279 memor
361 2228 497 2295 spretum,
516 2221 653 2275 Thalamis
671 2227 775 2287 tamam
798 2222 898 2297 inquil,

629 2295 732 2351 Elissae
856 2310 860 2317 ·

187 2390 219 2429 en
232 2390 295 2447 ego.
316 2390 398 2445 quem
407 2370 484 2427 toties
494 2370 592 2444 repulit
602 2371 661 2438 illa,
683 2371 766 2426 lruor.

95 2466 134 2507 533
149 2449 329 2523 Dillugirrntl'
363 2449 392 2515 ii,
412 2465 467 2521 quo
476 2465 612 2520 quemque
621 2448 677 2522 agit
686 2465 772 2514 error,
793 2446 901 2519 uloliru¹

189 2526 287 2580 amisso
296 2523 333 2578 du
355 2524 393 2578 iae
402 2542 463 2599 rege
472 2532 604 2598 vagantur
616 2542 689 2595 apes.

152 2602 238 2659 Tertia
249 2598 362 2655 nudatas
371 2607 505 2672 acceperat
514 2617 573 2655 area
584 2617 699 2667 messes3

190 2681 272 2749 inque
281 2692 360 2731 cavos
371 2674 456 2731 ierant
464 2675 540 2731 tertia
551 2682 639 2731 musta
654 2671 740 2737 lacus;

144 2909 243 2934 Α
