1898 2970
137 162 188 217 288
327 166 357 211 1³.
377 162 509 212 ovmtr
526 160 694 213 NASONIS
770 186 774 191 ·

138 267 194 324 Cur
201 283 251 340 ego
259 264 372 322 sollicita
380 265 481 338 poliam
491 282 550 321 mea
558 266 679 321 earmina
690 265 777 323 mara?

173 343 327 407 Amet-sar,
348 358 383 397 ne
391 359 445 398 non
455 341 583 414 approbet
592 339 638 396 illa
647 340 749 398 Getes?

137 416 259 473 Forsitan
268 416 393 472 audenter
401 415 512 486 iaoiam3
533 415 581 472 sed
591 414 702 490 glorior,
723 416 825 474 istrum

175 491 284 566 ingenio
294 490 401 547 nullum
411 491 501 547 maius
510 491 609 546 habere
620 508 691 547 meo.

84 579 109 622 ts
138 568 203 633 iloc,
216 567 265 622 ubi
275 566 422 623 vivendum
433 574 483 631 est,
498 566 563 621 satia
572 566 809 643 estsioonsequor
818 586 891 636 uro,

175 641 419 698 interinhumanoa
427 658 487 696 esse
495 643 571 713 potita
580 641 672 698 Getas.

139 717 211 785 Quid
221 717 290 773 mihi
298 715 436 772 diversum
448 716 519 772 iama
527 715 685 773 contendere
696 717 726 772 in
736 718 849 774 orbem?

177 792 264 860 Quem
273 792 391 847 Fortuna
400 790 487 858 dedit,
507 790 788 850 Romanitillsloous.

138 869 195 925 Hoc
204 884 262 923 msa
275 874 397 923 oontenta
409 873 451 922 est
459 863 553 922 infelix
562 867 640 923 Musa
650 866 766 925 theatro.

85 956 112 999 to
178 942 333 1007 Sicmerui;
354 939 675 1016 magnisievolueredsi.

140 1019 195 1074 Nee
204 1035 262 1074 reor
272 1017 337 1072 hine
346 1018 417 1072 istuo
425 1016 524 1074 nostris
534 1017 583 1072 iter
591 1033 651 1073 essa
661 1015 773 1085 libellis,

140 1093 347 1224 Didldirddiaeods
357 1185 387 1233 ος
400 1092 582 1241 ῗυξᾙοᾚ
589 1099 685 1240 derdddl
694 1168 765 1225 urbe
772 1166 891 1236 Quidni.

177 1242 291 1315 adspicit
299 1243 417 1300 hirsutos
426 1242 550 1300 eominus
559 1242 627 1299 Ursa
636 1241 730 1301 Getas.

87 1330 112 1374 to
140 1320 306 1375 Portentum
316 1326 409 1386 wirae,
430 1325 468 1376 tot
476 1334 561 1391 aquas
570 1317 733 1376 vixeredsre
742 1336 856 1393 possum

178 1393 310 1450 indicium
319 1394 403 1450 studii
412 1393 573 1450 transiliisse
581 1393 646 1449 mai.

141 1471 225 1542 Finge
234 1467 300 1542 tegi.
321 1467 644 1541 quodqueeatmirabile.
665 1469 866 1545 fingeplaoere:

180 1551 313 1599 auctorem
322 1551 391 1600 certo
402 1560 445 1600 res
455 1545 530 1601 iuvet
539 1544 589 1600 ista
599 1542 679 1602 nihil.

142 1619 213 1687 Quid
223 1619 272 1674 tibi
282 1619 305 1674 si
314 1618 400 1675 calida
408 1621 494 1693 prosit
502 1619 611 1676 laudere
619 1618 717 1694 Syene,

89 1709 114 1751 so
180 1704 226 1751 aut
236 1695 283 1750 ubi
293 1695 468 1767 Taprobanen
479 1695 569 1752 Indica
578 1696 659 1770 tingit
668 1694 758 1767 aqua?

142 1771 231 1827 Altius
241 1772 279 1826 iro
290 1770 372 1827 libet?
389 1771 414 1827 si
423 1778 449 1828 to
457 1771 582 1827 distantia
594 1769 673 1844 longa

180 1846 319 1903 Pleiadum
329 1847 535 1922 laudentsigna‚
556 1845 622 1918 quid
632 1845 694 1901 indo
704 1843 793 1900 seres?

143 1921 194 1977 Sed
204 1939 291 1995 nsque
299 1923 426 1995 pervenio
437 1923 544 1995 seriptis
554 1921 733 1977 mediocribus
742 1921 829 1975 istuc:

181 1997 306 2071 famaque
314 2015 378 2054 oum
387 1997 497 2054 domino
506 1997 577 2072 fugit
584 1996 619 2052 ab
628 1996 699 2052 Urbe
709 2013 770 2050 suo.

90 2086 115 2127 85
144 2074 266 2147 Vosque,
288 2073 390 2146 quibus
405 2073 488 2146 perii,
511 2081 575 2128 tuno
591 2090 677 2200 quom
693 2087 751 2125 mea
767 2069 840 2125 ieme
855 2088 898 2125 se-

612 2166 630 2202 u
642 2154 668 2203 ta
676 2155 727 2213 est,

183 2224 416 2298 nuncquoquede
426 2231 515 2282 nostra
526 2165 611 2280 mortd
619 2231 704 2279 taosoe
713 2237 781 2276 reor.

276 2407 536 2467 Errsronn
569 2409 647 2466 vir.
677 2383 777 2490 (vr.)

231 2508 308 2569 An
367 2509 811 2553 GRAECINUM.

141 2589 267 2671 Ecquid,
290 2606 321 2655 ut
329 2598 429 2656 audisti
439 2598 776 2677 (namtedirersatenebat

171 2676 254 2759 terra)
263 2695 342 2739 moos
354 2696 452 2749 nasus,
472 2670 744 2736 oort'rbitnststnn‘t
