1898 2970
142 197 192 250 ς258
341 200 369 245 Ρ.
392 197 518 246 0v1u11
536 196 708 245 NASONIS

143 304 245 360 Sensus
255 301 326 357 inest
337 301 419 374 igitur
428 299 545 365 nebulis,
566 317 636 373 quas
647 300 734 375 exigit
743 300 832 376 ignis:

180 375 326 433 eonsilium
338 376 447 450 lugiunt
456 383 556 431 caetera
566 392 651 448 paene
662 392 766 432 meum.

144 453 273 517 Consilio,
295 469 439 507 commune
448 468 555 506 sacrum
564 468 652 524 quum
663 451 710 506 fiat
723 451 753 509 in
761 470 809 509 ara

181 528 320 593 fratribus,
342 526 442 582 alterna
455 526 504 597 qni
512 526 615 600 periere
626 542 723 593 manu,

90 618 116 660 ts
144 606 202 678 ipsa
213 604 266 659 sibi
279 602 392 668 discors,
413 610 542 674 tanquam
554 600 696 657 mandetur
709 603 744 659 ab
754 602 821 671 illis,

183 678 316 735 scinditur
325 678 352 732 in
363 685 451 750 partes
459 686 514 731 atra
524 675 616 733 favilla
624 676 706 733 duas.

146 757 215 820 lloo,
241 753 366 817 memini,
397 751 535 825 quondam
554 752 612 808 fieri
629 770 687 883 pon
704 770 786 827 posse
810 752 899 830 loque·

649 846 692 884 ar:

184 913 210 959 et
220 921 263 959 me
271 901 402 958 Battiades
413 901 501 958 iudice
510 901 596 958 falsus
607 912 672 960 erat.

147 980 244 1036 Omnia
255 996 328 1034 nune
337 978 428 1036 eredo:
445 996 532 1053 quum
543 986 573 1034 tu
583 997 638 1036 non
649 978 751 1037 stultus
760 980 796 1037 ab
806 982 884 1039 Arcto

92 1064 118 1110 to
186 1064 257 1127 terga
272 1072 355 1126 vapor
368 1053 486 1121 dederis,
507 1053 711 1129 Ausoniamque
720 1064 806 1130 petas.

148 1132 217 1184 Haeo
227 1129 310 1202 igitur
320 1130 369 1185 lux
379 1137 434 1185 est:
454 1130 555 1203 quaesi
567 1148 621 1186 non
631 1140 688 1188 orta
699 1130 806 1201 luisset,

186 1204 261 1259 nulla
272 1203 323 1260 luit
333 1206 431 1261 misero
441 1205 506 1260 festa
517 1205 632 1262 videnda
643 1207 724 1265 mibi.

146 1279 238 1336 Edidit
247 1279 313 1335 haec
323 1298 411 1337 mores
422 1279 476 1336 illis
486 1281 608 1337 Heroisin
628 1300 740 1357 aequos,

185 1354 264 1427 queis
274 1363 330 1410 erat
339 1357 434 1413 Eetion
444 1357 598 1431 [cariusque
608 1367 693 1431 pater.

93 1439 119 1486 ts
147 1433 213 1486 Nata
223 1430 351 1502 pudicitia
362 1441 416 1499 est,
438 1451 535 1498 mores,
556 1433 744 1509 probitasque,
767 1436 886 1510 fidesque

205 1514 231 1561 at
240 1524 293 1561 non
303 1513 369 1561 sunt
379 1507 428 1561 ista
438 1509 537 1582 gaudia
547 1517 608 1565 nata
618 1510 675 1580 die;

148 1582 195 1639 sed
206 1582 288 1648 labor,
310 1590 335 1636 et
343 1599 431 1642 curae.
453 1581 613 1658 fortunaque
623 1586 746 1642 moribus
757 1588 859 1661 impar3

185 1659 310 1731 iustaque
322 1658 355 1713 de
369 1657 451 1714 viduo
459 1677 544 1731 paene
554 1661 661 1734 querela
673 1670 739 1718 toro.

149 1734 253 1790 Scilicet
264 1734 384 1790 adversis
394 1735 512 1808 probitas
523 1737 637 1792 exercita
646 1737 728 1793 rebus

93 1825 120 1866 so
186 1811 254 1865 tristi
265 1811 403 1867 materiam
415 1819 532 1884 tempore
547 1810 635 1868 laudis
644 1813 734 1868 babet.

149 1886 175 1941 Si
187 1886 254 1941 nibil
268 1886 357 1942 infesti
371 1887 457 1943 durus
467 1888 579 1943 vidisset
587 1887 692 1957 Ulixes3

187 1960 316 2032 Penelope
328 1961 402 2028 felix,
424 1962 637 2030 sedsinelaude‚
658 1962 733 2020 foret.

151 2039 240 2093 Victor
249 2038 394 2092 Echionias
405 2040 428 2091 si
439 2039 482 2094 vir
491 2048 654 2110 penetrasset
663 2040 692 2095 iu
703 2057 788 2102 arces,

188 2114 296 2168 forsitan
307 2112 437 2169 Euadnen
447 2115 493 2170 vix
503 2133 553 2170 sua
563 2124 653 2171 nosset
662 2116 776 2171 humus.

95 2200 120 2241 ss
150 2189 240 2253 Quum
250 2188 321 2243 Pelia
331 2189 436 2263 genitae
450 2198 486 2245 tot
496 2191 564 2246 sint:
585 2210 634 2246 cur
643 2191 743 2246 nobilis
753 2210 808 2247 una
819 2190 877 2247 estl

187 2264 289 2334 Nempe
299 2264 350 2319 luit
363 2265 461 2320 misero
472 2274 554 2336 nupta
565 2267 638 2338 quod
649 2285 703 2322 una
714 2267 783 2324 viro.

149 2336 241 2401 Effice,
262 2347 293 2392 ut
302 2339 396 2395 Iliacas
406 2348 497 2414 tangat
507 2342 580 2412 prior
589 2341 655 2397 alter
669 2360 778 2399 arenas:

188 2411 340 2478 Laodamia,
362 2414 440 2479 nihil,
461 2416 657 2484 curreferatur,
678 2420 738 2474 erit.

150 2486 183 2538 Et
194 2493 248 2547 tua,
269 2488 343 2557 quod
353 2488 460 2554 malles,
481 2492 565 2562 pietas
575 2495 665 2567 ignota
679 2506 808 2568 maneret,

90 2574 118 2618 tn
182 2557 328 2635 implerent
337 2565 411 2622 venti
422 2565 446 2620 si
455 2584 516 2621 mea
524 2567 586 2621 sela
598 2572 655 2624 sui.

130 2643 170 2700 Di
181 2652 285 2712 tamen,
309 2651 338 2702 et
350 2644 452 2703 Caesar
462 2643 508 2701 dis
519 2657 673 2706 accessura,
690 2642 828 2703 sedebam,

162 2724 321 2807 aequarint
336 2725 440 2805 Pylios
452 2725 609 2799 quumtna
617 2713 675 2768 ieta
682 2712 763 2773 unsa
