1898 2970
125 103 157 134 ¹*
250 133 462 181 russonum
483 135 549 180 tra.
570 135 615 181 nr.
774 132 806 183 65

61 233 194 292 Romulus
205 241 235 290 ut
242 252 306 290 saxo
316 233 407 289 lucum
417 234 590 289 circumdedit
598 233 663 305 alto;

100 308 219 376 Quilibet
227 310 289 376 huo,
310 309 392 376 dixit,
413 308 541 382 conluge3
562 317 635 365 tutus
648 312 710 367 eris.

60 385 178 456 Oquam
191 384 223 438 de
233 385 306 441 tenui
316 385 452 440 Romanus
462 383 566 458 origine
574 387 668 442 crevit!

99 459 188 515 Turba
198 468 275 515 vetus
285 477 368 532 quam
376 477 430 516 non
439 459 572 515 invidiosa
581 459 645 515 tuitt

58 538 101 592 Ne
111 544 200 590 tamen
211 535 303 608 ignaro
314 535 417 590 novitas
427 535 475 590 tibi
486 535 605 591 nominis
614 536 707 602 obstet,
823 545 861 590 435

98 610 181 675 disce,
203 610 265 681 quis
274 610 324 664 iste
332 609 408 675 deus,
428 628 510 665 curve
520 617 628 665 vocetur
637 611 682 665 ita.

60 686 162 758 Iupiter
171 692 211 740 est
219 685 339 741 iuvenis:
360 685 490 745 iuveniles
500 685 609 756 adspice
619 685 719 740 vultus.

97 760 215 832 Adspice
223 760 319 815 deinde
329 777 455 816 manum:
476 759 591 816 fulmina
604 759 679 815 nulla
687 768 766 815 tenet.

58 834 189 892 Fulmina
207 834 467 908 postausoscoelum
478 835 597 890 affectare
607 835 734 908 Gigantas

98 920 189 966 sumta
198 911 268 966 lovi:
290 911 378 981 primo
388 917 505 982 ternpore
515 911 626 965 inermis
635 918 700 965 erat.
823 920 862 965 tto

59 985 175 1062 Ignibus
184 985 252 1041 Ossa
262 985 349 1060 novis,
370 984 495 1041 etPelion
505 984 581 1041 altior
591 984 657 1040 Ossa

98 1061 173 1127 arsit,
194 1068 219 1116 et
229 1061 257 1116 in
267 1060 351 1116 solida
364 1060 436 1116 fixus
446 1059 578 1136 Olympus
591 1061 684 1117 humo.

58 1138 313 1209 Statquoquecapra
318 1135 409 1192 simul:
421 1137 561 1208 Nvmphac
570 1137 677 1208 pavisse
686 1136 808 1193 feruntur

98 1211 230 1268 creticos:
252 1199 608 1268 nanriraodedrnarovr.

59 1291 140 1344 Nunc
149 1303 228 1342 vocor
237 1286 388 1343 adnomen.
418 1287 567 1361 Vegrandia
578 1287 647 1343 larra
655 1287 751 1353 coloni,
822 1297 860 1342 tto

98 1380 170 1436 quae
180 1360 248 1416 male
258 1369 411 1427 creverunt,
432 1379 563 1435 vescaque
571 1381 653 1435 parva
663 1372 768 1420 vocant.

59 1440 108 1495 Vis
118 1456 149 1493 ea
158 1438 182 1492 si
196 1435 269 1493 verbi
279 1444 332 1502 est,
353 1454 401 1491 cur
411 1438 637 1512 nonegoVeiovis
647 1440 738 1494 aedem

98 1513 191 1568 aedem
202 1531 255 1568 non
266 1512 357 1586 magni
367 1514 488 1585 suspicer
497 1531 555 1568 esse
564 1513 654 1570 lovis‘l

59 1591 181 1661 lamque,
202 1587 249 1642 ubi
259 1587 412 1645 caeruleum
420 1589 563 1645 variabunt
572 1589 658 1645 sidera
671 1589 785 1656 coelum,

97 1664 219 1736 suspice:
241 1663 449 1737 Gorgoneicolla
459 1664 563 1720 videbis
573 1666 646 1736 equi.
824 1672 862 1718 450

62 1739 185 1796 Creditur
195 1739 239 1793 hic
247 1755 337 1794 caesae
346 1739 457 1826 gravida
467 1740 568 1795 cervice
578 1739 703 1794 Medusae

99 1814 230 1889 sanguino
242 1831 372 1884 respersis
381 1813 538 1885 prosiluisse
548 1814 629 1868 iubis.

61 1891 130 1945 lluic
138 1906 219 1961 supra
229 1889 316 1944 nubes
325 1896 350 1943 et
359 1889 451 1943 subter
460 1888 546 1944 sidera
556 1888 630 1962 lapso

99 1963 202 2020 coelum
212 1982 260 2036 pro
271 1971 348 2030 terra,
368 1981 417 2036 pro
426 1965 492 2036 pedc
500 1983 588 2037 penna
597 1964 658 2020 fuit.

61 2043 172 2112 lamque
181 2040 332 2112 indignanti
343 2057 412 2096 nova
423 2040 494 2095 frene
505 2049 697 2113 receperamus,
822 2049 862 2096 455

98 2132 185 2187 quum
195 2113 262 2170 levis
272 2114 370 2169 Aonias
380 2114 483 2188 ungula
493 2115 661 2187 foditaquas.

61 2192 141 2246 Nunc
151 2189 250 2245 fruitur
260 2188 341 2255 coelo,
363 2190 436 2262 quod
446 2190 541 2261 pennis
552 2198 611 2244 ante
620 2191 738 2262 petebat:

99 2274 125 2321 et
133 2265 236 2322 nitidus
245 2263 329 2320 stellis
339 2266 461 2338 quinque
471 2264 615 2337 decemque
624 2265 712 2322 micat.

61 2408 191 2470 Protinus
201 2413 334 2488 adspicies
345 2416 462 2471 venienti
473 2423 547 2472 nocte
556 2416 695 2474 Coronam.

99 2490 200 2546 Gnosia
210 2491 312 2547 Theseo
321 2491 433 2545 crimine
443 2491 508 2545 lacta
519 2491 567 2546 dea
577 2499 625 2547 est.
824 2499 863 2544 tto

60 2568 117 2621 lam
127 2565 197 2620 hene
206 2567 313 2638 periuro
323 2573 438 2620 mutarat
446 2566 558 2640 coniuge
568 2567 711 2635 Bacchum,

98 2658 170 2714 quae
178 2640 252 2696 dedit
261 2641 366 2715 ingrato
375 2640 419 2695 fila
433 2640 623 2716 legendauiro.

100 2723 176 2780 Orm.
194 2725 280 2780 2111.
656 2776 661 2782 .
714 2729 747 2780 u
