1898 2970
164 176 213 231 304
353 180 385 226 Ρ.
405 178 533 227 ovmu
549 178 721 227 monle

162 285 217 339 Nec
226 280 367 356 dedignata
377 288 418 336 eet
426 279 535 337 abiectis
544 279 635 355 Illyric
647 281 733 339 ermis

108 371 134 415 sc
200 354 771 431 Ceeeereumfnmulcverticeierrepedem.

163 436 223 506 Ipse
231 450 313 506 super
322 449 433 488 currum
443 431 548 505 placido
557 432 712 505 spectabilis
720 450 769 491 cre

201 517 319 581 tempore
327 507 447 564 Phoeben
457 508 563 583 virgine
572 525 641 564 nexa
650 508 722 565 tulit.

163 584 250 653 Quem
259 585 304 657 pie
313 582 455 640 vobiscum
464 584 551 655 proles
562 584 700 640 comitavit
708 592 830 653 euntem,

201 661 283 735 digne
292 667 401 733 parente
410 677 475 725 eno,
496 659 710 733 nominibusque
718 660 805 730 defin

110 748 136 791 85
166 737 292 791 fratribus
302 733 446 801 assimilis,
467 752 536 807 quos
546 735 668 807 proxime
679 734 780 809 temple
789 743 903 793 tenentes

202 812 283 867 divus
291 811 326 866 eb
336 808 438 866 excelse
449 809 536 866 Iulius
546 810 610 866 aede
618 809 702 866 videt.

165 889 213 942 llis
223 885 395 951 Messalinus,
414 886 518 959 quibus
529 886 621 942 omnic
630 886 724 941 cedere
733 886 840 953 debent,

203 963 323 1034 primum
332 960 445 1017 laetitiae
457 979 509 1017 non
521 968 601 1036 neget
609 978 669 1016 cese
678 960 779 1018 locum.

166 1036 305 1110 Quidquid
314 1037 348 1092 ab
358 1036 657 1108 hissuperest,venitin
665 1039 911 1097 certamenemoris:

109 1125 135 1168 ⁹⁰
202 1113 252 1168 hnc
261 1112 403 1169 hominum
414 1111 482 1167 nulli
493 1120 567 1185 perte
576 1111 713 1169 secundus
724 1114 786 1170 erit.

166 1191 244 1244 Hunc
252 1186 329 1253 colit,
350 1187 492 1243 antediem
503 1206 639 1261 perquem
648 1187 753 1245 decretu
763 1193 872 1247 merenti

202 1264 277 1320 venit
286 1263 422 1320 honoretis
433 1262 521 1319 laurea
531 1264 613 1339 digne
623 1265 719 1321 comis.

165 1339 280 1406 Felices,
302 1339 404 1412 quibus
414 1339 464 1395 hos
473 1338 550 1396 licuit
558 1345 677 1412 spectare
685 1340 847 1415 triumphes,

203 1422 228 1470 et
237 1414 314 1470 ducis
324 1433 369 1470 cre
379 1414 442 1472 dees
452 1417 640 1488 aequiperante
649 1414 714 1472 seni.

111 1503 137 1548 ⁹5
165 1491 199 1545 At
209 1490 276 1545 mihi
286 1489 458 1547 Sauromatae
466 1509 516 1564 pro
525 1492 645 1547 Caesaris
654 1509 700 1547 cre
709 1492 828 1558 videndi,

203 1566 510 1639 terraquepacisinops,
532 1566 759 1640 undeqnevincte
768 1567 842 1642 gelu.

166 1642 194 1698 Si
205 1650 293 1698 temen
303 1642 457 1708 necandis,
477 1651 503 1697 et
514 1661 567 1699 vox
576 1660 635 1698 mea
644 1644 766 1715 pervenit
776 1645 859 1700 istuc:

205 1719 240 1775 sit
252 1727 298 1775 tue
308 1718 437 1775 mutando
445 1719 530 1794 gratie
540 1718 639 1774 blande
651 1717 719 1776 lccc.

168 1796 223 1852 Hoc
232 1802 307 1868 pater
316 1794 362 1850 ille
374 1803 452 1859 tuus,
473 1794 561 1867 primo
570 1794 638 1849 mihi
647 1792 739 1850 cultus
747 1795 782 1849 ab
793 1812 867 1860 aevo,

114 1883 153 1926 10⁰
205 1872 229 1925 si
240 1871 307 1944 quid
318 1871 609 1927 behetsensueumbra
619 1869 727 1935 diserte,
748 1871 824 1941 petit.

168 1949 222 2003 Hoc
230 1948 296 2019 petit
305 1954 330 2000 et
340 1945 432 2002 freter:
453 1946 579 2020 quemvis
588 1944 698 2002 fortasse
707 1954 824 2011 veretur,

206 2021 330 2079 servandi
340 2031 432 2077 noceat
442 2041 475 2077 ne
485 2022 533 2078 tibi
542 2039 607 2077 cura
621 2022 684 2076 mei.

168 2102 233 2157 Tota
243 2100 339 2155 domus
350 2106 425 2171 rogat
435 2098 498 2154 hoc:
521 2115 570 2153 nec
578 2106 608 2152 tu
619 2104 694 2169 potes
704 2096 762 2170 ipse
773 2115 879 2172 negem,

207 2183 233 2231 et
242 2192 290 2231 nos
300 2173 329 2229 in
340 2173 434 2229 turbee
446 2181 518 2245 perte
530 2172 614 2228 fuisse
624 2179 695 2228 tune.

114 2261 155 2305 1⁰5
170 2250 273 2324 Ingenii
283 2257 360 2315 certe,
381 2267 436 2322 quo
446 2267 495 2306 nos
506 2247 721 2304 malesensimus
731 2265 805 2313 usos,

208 2324 445 2396 artibusexceptis‚
466 2342 544 2397 saepe
553 2325 677 2397 probator
686 2342 755 2379 eree.

170 2401 224 2454 Nec
234 2417 302 2467 mee,
323 2401 459 2455 sitantum
469 2408 574 2473 peccate
584 2399 844 2466 novissimedemes,

208 2492 267 2530 esce
278 2484 364 2548 potest
373 2475 465 2532 domui
475 2477 530 2531 vite
540 2475 665 2546 pudende
674 2483 745 2530 tune.

167 2548 213 2607 Sic
224 2549 308 2629 igitur
317 2559 420 2610 vestine
428 2552 536 2627 vigeant
545 2550 689 2622 penetralia
698 2551 802 2624 gentis:

101 2641 145 2688 110
201 2649 326 2708 curaque
337 2631 375 2690 sit
383 2629 499 2705 Superis
507 2625 789 2694 (leccen'mneqnenixz

147 2713 229 2788 mite,
256 2713 306 2773 sed
319 2713 432 2772 iratum
443 2706 546 2766 merim
554 2701 645 2757 min,
661 2698 876 2753 nnmennncm
