1898 2970
145 186 197 239 ³92
333 189 363 233 Ρ.
385 184 514 233 0v1n11
532 184 701 232 NASONIS

182 308 235 364 qua
245 289 333 363 patuit
341 287 450 363 Tydeus
459 286 600 343 embaisso
611 304 698 357 nuru;

145 382 269 440 quaeque
279 365 323 421 sui
333 365 463 420 Venerem
473 363 563 419 iunxit
571 380 633 420 oum
642 361 722 418 fratre
733 364 834 430 mariti,

182 440 274 498 locris
284 440 312 496 in
323 437 434 496 ancillae
443 438 611 495 dissimulata
626 456 729 495 necem

90 528 130 573 att
144 516 211 574 Tam
221 531 331 591 quoque
340 514 368 570 di
379 512 477 570 iaciant
486 515 573 587 possis
581 513 699 595 gaudere
713 514 785 570 fideli

182 591 307 667 coniuge,
328 607 411 663 quarn
421 588 495 644 Talai
508 588 697 665 Tyndareique
705 607 802 667 gener:

144 684 268 797 quaepua
277 680 370 740 parare
380 665 439 719 suis
450 663 532 720 letum
542 663 709 738 patruelibus
724 682 805 721 ausae

182 743 219 799 lle
230 741 286 797 ides
296 740 405 796 assidua
417 738 483 796 colla
494 747 655 812 premuntur
665 758 746 814 aqua.

144 815 272 893 Byblidos
282 823 307 871 et
317 816 443 882 Canaces,
464 815 615 882 sicutlaoit,
636 816 727 872 ardeat
735 818 808 892 igne,

90 906 130 950 atu
183 910 242 959 neo,
263 892 317 949 nisi
327 909 375 965 per
384 891 496 959 crimen,
517 891 683 949 sittibinota
693 910 778 949 soror.

145 967 213 1023 Filia
226 968 250 1023 si
260 967 353 1036 luerit3
375 967 410 1022 ait
419 966 491 1040 quod
502 966 612 1040 Pelopea
622 967 764 1043 Thyestae,

182 1043 291 1117 Myrrha
301 1060 352 1099 suo
360 1043 439 1116 putri,
458 1042 671 1120 Nyctimeneque
685 1059 746 1100 sno.
791 1038 797 1049 ⁸

146 1119 219 1174 Neve
229 1118 316 1194 magis
325 1119 370 1192 pia
380 1119 557 1192 sitcapitique
566 1119 685 1191 parentis
697 1120 793 1186 amica,

183 1210 266 1267 qnam
276 1201 321 1250 tua
331 1193 384 1261 vel,
405 1193 515 1260 Pterela,
536 1193 649 1261 veltibi,
670 1194 744 1262 Nise,
766 1193 830 1263 luit,

92 1280 131 1323 uss
148 1267 332 1344 infamemque
344 1269 432 1327 locum
443 1269 550 1326 sceleris
560 1286 630 1344 quae
639 1270 749 1327 nomine
759 1269 829 1337 feeit,

182 1346 280 1416 pressit
288 1353 315 1401 et
323 1345 440 1402 inductis
451 1345 570 1402 membra
579 1355 688 1419 patema
699 1347 774 1403 rotis.

146 1419 308 1485 Utiuvenes,
329 1438 431 1492 pereas,
453 1423 568 1493 proiecta
578 1420 706 1478 cadavera
721 1439 838 1495 quorum

182 1512 281 1567 oraque
290 1495 396 1550 Pisaeae
404 1497 557 1553 sustinuere
566 1497 649 1554 iores:

145 1571 232 1642 utqui
243 1569 379 1642 perfusam
389 1571 549 1628 miserorum
560 1572 639 1628 caede
648 1589 789 1644 procorum

91 1659 129 1703 tto
183 1647 241 1718 ipse
251 1664 301 1704 suo
311 1645 407 1702 melius
420 1647 553 1723 sanguine
563 1648 643 1703 tinxit
654 1649 786 1705 humum:

145 1722 264 1793 proditor
273 1730 304 1779 ut
314 1724 385 1778 saevi
397 1724 476 1796 periit
486 1723 579 1799 auriga
589 1724 709 1797 tyranni,

182 1799 230 1872 qui
241 1816 309 1856 nova
320 1800 438 1873 Myrtoae
448 1802 556 1856 nomina
567 1798 626 1854 lecit
636 1817 735 1873 aquae:

146 1875 233 1946 utqui
247 1875 363 1930 velocem
375 1873 472 1930 frustra
482 1876 580 1951 petiere
589 1874 722 1947 puellam;

182 1951 248 2005 dum
259 1949 325 2005 lacta
336 1958 376 2006 est
388 1951 476 2022 pomis
486 1950 584 2006 tardior
593 1949 638 2005 illa
648 1951 750 2007 tribus:

91 2037 129 2078 375
144 2027 232 2096 utqui
244 2033 319 2092 tecta,
342 2028 405 2082 novi
415 2025 528 2082 formam
537 2025 646 2082 celantia
658 2028 781 2092 monstri,

184 2101 317 2156 intramnt
325 2118 417 2157 caecae
427 2119 481 2159 nou
486 2102 625 2159 redeunda
635 2102 732 2158 domus
743 2124 749 2157 :

145 2181 175 2227 ut
184 2193 300 2247 quorum
310 2175 436 2233 Aeacides
446 2178 521 2233 misit
530 2176 662 2234 violentus
673 2178 701 2233 in
712 2178 796 2234 altum

182 2267 291 2322 corpora
299 2269 362 2308 cum
373 2252 446 2309 senis
458 2254 538 2309 altera
548 2271 611 2310 sena
622 2271 732 2328 rogum:

144 2332 175 2377 nt
183 2342 261 2395 quos,
278 2327 385 2383 obscuri
397 2328 482 2385 motos
492 2330 651 2404 ambagibus
662 2330 725 2394 cris,

90 2412 129 2454 asu
182 2399 297 2473 legimus
307 2402 431 2460 infandae
444 2404 564 2481 Sphinga
573 2405 679 2460 dedisse
689 2406 762 2460 neci:

145 2474 231 2548 utqui
242 2476 374 2533 Bistoniae
384 2479 483 2552 templo
495 2479 611 2536 cecidere
621 2481 769 2550 Minervae,

175 2553 369 2630 propterquod
380 2552 462 2615 iacies
472 2558 813 2630 nuncuuounatectadea‘e
822 2568 876 2626 est:

126 2648 158 2692 ut
171 2636 222 2713 qui
235 2634 356 2697 Threicii
364 2637 515 2716 quondam
525 2629 748 2712 praesepxaregis

156 2718 287 2784 fecarunt
300 2718 437 2798 dapibus
447 2709 672 2793 sanguinolenta
680 2715 760 2756 suis.

152 2906 175 2938 Δ
